3262 5106
264 388 327 456 134
499 382 507 395 “
547 384 735 454 Epistularum
753 383 789 434 ad
806 382 937 435 Atticum.
974 384 1055 437 Liber
1073 388 1150 440 1111,

348 552 412 620 Ep.
433 552 489 606 40.
514 549 544 604 1.
589 543 684 600 Addidi
706 549 749 599 est
770 552 834 615 post
847 545 1031 617 flagitiorum,
1055 554 1086 600 nt
1108 545 1135 601 in
1153 543 1263 600 relativa
1284 542 1430 598 sententia.

264 634 345 694 Aliud
366 641 409 691 est
429 632 586 689 Ciceronem
609 644 719 703 quoque
740 626 846 685 dicere:
872 628 944 685 Nihil
966 628 1066 686 bonnm
1089 638 1133 686 est
1153 627 1255 701 (esse),
1284 628 1336 684 uisi
1358 625 1433 701 quod

263 722 429 791 honestum,
451 715 557 773 similia.

348 808 412 875 Ep.
433 807 488 860 41.
512 805 541 858 1.
586 798 681 855 Addidi
703 799 779 856 Esse
800 809 864 872 post
886 801 1073 857 bellomonte
1096 800 1151 868 Εἰς
1173 815 1234 855 nam
1257 805 1433 873 quereretur

263 893 324 966 pilio
347 906 412 947 eum
433 894 527 944 mettre
549 886 663 956 betium,
685 885 744 939 sine
767 898 830 942 esse
852 902 886 943 ne
908 883 1052 941 Sallustius
1076 885 1184 959 quidem
1206 891 1254 940 atat
1268 883 1377 940 'tacitns
1393 882 1434 938 ia·

265 976 316 1034 oile
337 975 464 1032 dixisset:
487 969 601 1026 debebat
622 978 698 1025 certe
719 983 780 1023 esse
800 972 863 1042 filii.

349 1061 412 1128 Ep.
433 1061 487 1115 4¹1.
510 1057 544 1112 b.
568 1058 596 1111 1.
640 1052 729 1127 Vulgo
752 1051 847 1110 durius
869 1063 897 1112 et
917 1053 1058 1128 abruptius
1081 1053 1173 1111 audito
1196 1056 1274 1127 quod
1293 1052 1341 1123 (ut
1362 1051 1435 1108 desi·

267 1146 385 1214 deraret,
407 1143 431 1198 si
454 1160 481 1197 n.
503 1139 541 1208 e.)
562 1143 588 1195 si
606 1138 740 1212 sorerem
763 1154 795 1194 ex
817 1139 833 1194 J
839 1158 847 1194 :
875 1139 983 1210 „malui
1012 1141 1103 1195 venire
1131 1138 1231 1195 trustra
1259 1155 1339 1212 qnam
1361 1137 1435 1193 desi·

266 1230 368 1301 derari,
389 1229 413 1284 si
435 1242 505 1300 opus
527 1231 615 1280 esset:
637 1223 753 1280 moleste
771 1222 885 1296 serrem
904 1222 1039 1296 posteo“.
1084 1223 1141 1298 Ego
1164 1241 1198 1280 ex
1213 1223 1269 1292 titt,
1292 1220 1434 1296 nisiquod

266 1332 319 1390 ego
342 1320 404 1388 post
427 1316 504 1368 esset
524 1307 613 1364 addidi
635 1314 678 1364 et:
700 1310 791 1364 motui
810 1351 842 1365 ..
866 1315 950 1378 esset,
973 1317 1002 1365 et
1016 1328 1052 1365 m.
1066 1307 1153 1379 ferre
1173 1327 1203 1382 p.
1247 1309 1293 1365 Sin
1315 1309 1343 1364 in
1359 1306 1434 1363 arcta.

266 1400 319 1457 tuit
337 1398 461 1472 ferrem,
483 1393 577 1449 Cicero
600 1393 723 1466 scripsit:
745 1398 828 1462 esset,
852 1411 946 1451 nem.
966 1394 1079 1465 ferrem
1098 1412 1130 1465 p.

350 1485 414 1552 Ep.
436 1484 488 1538 48.
513 1483 543 1535 1.
586 1477 616 1534 li.
638 1493 671 1533 ex
692 1476 796 1533 Graevii
818 1478 907 1549 coni:
930 1480 974 1548 „si
996 1478 1116 1543 aoeierit,
1138 1495 1273 1535 amurcam
1296 1475 1337 1547 (oz
1360 1478 1436 1533 cete·

266 1573 341 1626 riter
362 1564 490 1636 veniam);
519 1562 667 1629 siminus,
691 1579 749 1618 non
771 1558 849 1632 (llam
873 1580 967 1636 parum
989 1562 1083 1619 Latine
1104 1561 1193 1631 baud)
1222 1571 1365 1636 antequam
1388 1578 1435 1616 ae·

266 1669 342 1710 cesse
365 1649 449 1707 ecit“.
494 1647 539 1703 Sic
560 1644 629 1701 falso
652 1653 715 1720 post
730 1663 786 1703 non
801 1647 942 1703 audiretur
956 1665 1124 1706 occurram.
1168 1646 1272 1704 Excidit
1286 1649 1313 1702 in
1329 1646 1435 1712 billinc,

266 1753 296 1792 o:
319 1736 403 1804 arcta,
425 1736 497 1790 inter
519 1731 597 1787 MIN
606 1730 643 1788 Vs
664 1737 692 1787 et
713 1731 796 1787 ΑΝΤ
813 1749 869 1788 non
891 1751 960 1802 non,
983 1731 1030 1788 sed
1053 1751 1109 1790 nort
1140 1732 1308 1799 VENIAM3
1331 1730 1437 1787 scilieet

268 1839 325 1879 non
348 1822 469 1888 reniam,
492 1836 520 1873 α.
543 1834 573 1872 n.
596 1830 621 1871 e.
644 1823 688 1870 est
708 1840 751 1862 =
772 1835 830 1873 non
850 1818 1017 1890 properabo
1040 1819 1140 1874 venire.

352 1907 415 1972 Ep.
437 1907 491 1960 49.
514 1906 544 1958 2.
590 1899 647 1974 Ego
670 1909 733 1973 post
755 1906 796 1958 ait
817 1904 897 1958 iilum
919 1902 976 1957 md
1001 1902 1089 1958 addidi
1111 1903 1224 1959 dieerId
1243 1899 1352 1972 (bamb.
1377 1917 1435 1975 mg.

270 1989 353 2050 1584
368 1997 429 2062 post
446 1985 547 2059 iilum),
570 1984 643 2060 quod
665 1983 770 2057 andire,
793 1993 824 2041 ut
846 1986 928 2060 vulgo
946 1986 1057 2058 iaciunt,
1080 2005 1135 2043 non
1158 1987 1232 2044 licet.
1278 1985 1305 2041 Si
1322 2003 1364 2057 sq.
1388 1988 1437 2041 de·

269 2079 422 2133 stituissem
445 2071 556 2147 regulae
578 2070 611 2125 de
635 2079 786 2142 temporum
802 2072 996 2127 consecutione
1010 2079 1186 2145 repugnaret,
1210 2070 1307 2127 licebat
1325 2069 1436 2140 addere,

269 2160 343 2234 qnod
371 2158 466 2214 Graes.
494 2153 633 2224 audiebat,
660 2155 796 2222 dixissld3
825 2154 872 2211 sed
900 2157 999 2212 dicere
1028 2154 1110 2224 (recta
1141 2158 1265 2212 oratioue
1286 2151 1365 2226 dicit)
1393 2164 1438 2211 est

269 2246 381 2302 dixisse
402 2250 430 2297 et
451 2244 564 2310 dicere,
594 2246 622 2294 et
645 2241 685 2295 ait
704 2238 757 2310 (sc.
781 2241 808 2295 in
831 2240 968 2312 epistola)
996 2243 1061 2313 poni
1083 2243 1173 2314 potuit
1194 2257 1255 2299 cum
1277 2240 1437 2314 praeterito,

269 2330 341 2385 sicut
362 2326 496 2384 interdum
520 2324 670 2398 praesentia
691 2323 725 2379 de
747 2327 938 2396 scriptoribus
960 2327 1062 2399 posita3
1088 2325 1125 2382 cl.
1147 2343 1208 2382 ann.
1231 2324 1264 2381 ad
1287 2324 1341 2394 XV,
1364 2323 1395 2395 4,
1417 2324 1437 2380 2

270 2422 298 2470 et
321 2412 377 2469 nm.
400 2428 436 2467 m.
459 2409 516 2467 Lis.

353 2498 418 2565 Ep.
446 2498 498 2553 50.
525 2498 559 2551 4.
603 2491 685 2549 Prare
713 2492 758 2552 Or.
790 2501 818 2548 et
840 2494 859 2549 li
881 2496 916 2550 de
938 2496 1149 2552 oboiamitione:
1177 2512 1247 2570 ego,
1276 2502 1306 2550 ut
1329 2493 1438 2549 Graec:

270 2585 306 2639 de
328 2583 437 2638 obviam
458 2583 490 2636 it.
529 2578 643 2634 Obviam
664 2580 713 2634 itio
736 2593 789 2632 nou
814 2579 901 2643 minus
923 2578 978 2635 duo
1006 2580 1086 2635 verita
1108 2588 1188 2651 sunt,
1218 2595 1298 2654 quana
1328 2580 1441 2634 reditus

271 2666 428 2736 Narbone,
450 2663 485 2721 ai.
529 2662 565 2717 lie
587 2662 749 2737 interposito
772 2663 882 2719 obviem
904 2662 1019 2719 adverbo
1043 2664 1095 2721 vid.
1118 2662 1203 2721 blada.
1226 2662 1334 2737 3469,
1357 2679 1384 2721 n.
1407 2662 1439 2733 2,

271 2755 328 2808 att.
353 2748 406 2822 Vll,
429 2749 458 2821 6,
481 2749 501 2805 2
524 2765 589 2805 cnm
611 2748 682 2804 bene
701 2753 820 2820 parato,
841 2755 969 2805 sexcenta
990 2748 1051 2806 alia.

739 2929 851 3004 Liber
874 2929 972 3006 XIV.

356 3093 416 3160 up.
440 3092 471 3146 5.
491 3092 522 3146 2.
567 3086 670 3160 Vulgo:
700 3086 800 3156 „vides
823 3088 1016 3161 magistratus,
1043 3090 1067 3145 si
1090 3088 1197 3162 quidem
1220 3088 1259 3145 illl
1288 3087 1344 3159 (ur.
1368 3086 1442 3160 conj.

271 3179 329 3245 isti,
351 3190 381 3251 a3
403 3175 433 3243 ii,
456 3188 525 3247 quos
549 3179 579 3227 tu
595 3170 678 3239 vides,
702 3171 817 3226 lortasse
834 3172 906 3242 aera)
922 3175 1107 3248 magistratus,
1132 3173 1204 3228 vides
1223 3181 1318 3230 tomen
1334 3175 1442 3244 tyranni

273 3260 404 3318 satellites
426 3260 453 3314 in
476 3255 625 3330 imperiis“.
671 3254 740 3323 Quid
762 3262 804 3311 est
827 3257 939 3314 tament
962 3274 1033 3327 nam,
1055 3258 1127 3332 quod
1145 3257 1214 3316 blan.
1237 3257 1295 3315 vult
1317 3274 1379 3314 esse
1399 3257 1443 3313 Gi·

273 3345 379 3403 cerouis
401 3360 431 3399 se
454 3340 628 3415 corrigentis,
651 3341 697 3413 qui
720 3356 767 3394 eos
790 3344 977 3414 magistratus
999 3341 1186 3416 appellaverit.
1216 3361 1286 3416 quos
1310 3351 1442 3415 tyrannus

272 3430 460 3499 constituerit,
490 3435 517 3482 et
541 3426 631 3499 potius
655 3433 711 3495 tyr.
733 3431 789 3481 sot.
814 3428 842 3480 iu
864 3429 882 3481 i.
909 3426 1041 3483 vocandos
1065 3444 1125 3483 esse
1148 3428 1334 3495 ostendentis,
1358 3445 1442 3501 quoru

273 3515 427 3574 contortius
449 3520 501 3579 est,
524 3520 581 3566 tuna
606 3509 715 3575 ialsum;
744 3526 797 3563 non
823 3510 894 3566 enim
918 3528 1011 3569 ornnes
1034 3511 1261 3586 „magistratus“
1284 3521 1361 3568 eraut
1385 3514 1442 3581 „in

273 3597 419 3673 irnperiis“
448 3596 497 3667 (so.
526 3593 706 3667 militaribus).
757 3592 819 3649 Sela.
849 3594 911 3651 coll.
940 3595 976 3666 6,
1005 3596 1023 3651 2
1052 3595 1179 3652 audacter
1206 3596 1308 3653 delevit
1336 3605 1443 3666 temen,

274 3683 347 3760 qaaod
371 3683 442 3739 unde
465 3691 555 3737 ortum
578 3679 637 3736 esti
681 3678 739 3754 Ego
762 3694 795 3734 es
821 3678 948 3736 TAMEo
973 3679 1022 3737 leci
1047 3680 1183 3749 urredi,
1214 3698 1269 3755 quo
1298 3691 1361 3755 apte
1387 3683 1444 3737 sive

274 3790 299 3828 o.
324 3775 343 3824 t.
367 3784 390 3824 s.
414 3771 443 3823 in
466 3770 483 3824 i.
506 3765 538 3820 ad
562 3783 586 3821 o.
607 3782 681 3838 mag.
705 3762 863 3836 adiungitur
885 3766 941 3820 sive
963 3765 995 3820 nd
1011 3766 1121 3838 gravius
1137 3765 1263 3839 quiddam
1285 3765 1445 3822 escenditur

276 3852 384 3927 (etiam,
407 3849 504 3928 luget).
560 3848 595 3903 tte
624 3848 720 3904 ruendo
746 3850 795 3902 iam
822 3849 929 3921 saepius
956 3848 1019 3906 disi.
1060 3878 1101 3889 -
1141 3854 1172 3906 8.
1196 3849 1298 3917 Vulgo:
1328 3850 1445 3925 „Velim

275 3940 354 4010 seire,
379 3939 448 4010 quid
460 3934 591 3990 adventus
608 3932 719 4008 Octavii,
735 3949 799 3987 aum
815 3932 860 4005 qui
876 3949 1025 3989 concursus
1048 3933 1079 3989 ad
1096 3934 1189 3990 eum“.
1223 3934 1293 3992 bion
1308 3935 1383 3992 audit
1397 3934 1444 3990 iile

276 4022 384 4100 quidem
411 4023 513 4094 pariet
539 4011 679 4090 (aderat),
707 4015 756 4072 sed
778 4033 861 4089 quum
884 4017 1090 4086 obscurissima,
1120 4027 1177 4075 tum
1203 4019 1323 4076 inatadita
1345 4018 1444 4092 ellipsi.

277 4109 348 4184 Ego:
377 4109 442 4181 qui,
465 4119 493 4159 o:
517 4104 612 4176 qrtotis
634 4100 687 4171 (sc.
712 4099 778 4170 sit):
802 4118 831 4155 se
853 4101 912 4175 ipse
934 4104 1115 4175 interpretans
1138 4102 1232 4160 Cicero
1255 4103 1329 4161 addit
1352 4121 1446 4175 „nuru

277 4195 323 4269 qui
345 4210 370 4251 o.
394 4191 427 4248 ad
449 4188 542 4257 eund‘,
564 4186 597 4241 cl.
618 4186 666 4254 13,
684 4186 712 4242 2.
760 4185 840 4253 Ouili
868 4204 917 4258 pro
944 4191 993 4260 qui
1013 4189 1164 4244 sexcenties
1186 4189 1318 4262 seriptum
1340 4196 1392 4256 est,
1416 4189 1443 4244 la.

278 4279 385 4354 quidem
408 4276 470 4334 loco
493 4280 554 4329 ante
577 4271 639 4337 al);
662 4269 697 4326 cl.
721 4286 783 4325 ann.
807 4269 839 4325 ad
862 4270 915 4349 llll,
939 4271 969 4341 9,
993 4272 1022 4328 2.

360 4364 420 4432 Ep.
449 4365 479 4420 6.
509 4363 538 4416 1.
583 4355 685 4431 Vulgo:
714 4354 863 4425 Exspecto
890 4357 960 4430 quid
983 4358 1019 4414 de
1047 4355 1160 4426 Μανὶυς
1193 4357 1240 4414 sed
1271 4358 1312 4415 sio
1338 4356 1444 4428 Cicero,

278 4456 357 4523 puto,
380 4446 476 4503 saltem
498 4443 609 4516 aliquid
628 4440 790 4514 scripsisset.
836 4438 907 4513 Ego:
936 4441 988 4514 td,
1011 4442 1135 4514 quidde
1157 4440 1198 4498 M.
1224 4436 1271 4515 (sc.
1296 4444 1447 4515 offeratur
