3262 5106
465 384 653 449 Epistularum
672 384 708 435 sd
726 383 857 435 Atticum.
893 384 979 436 Liber
995 384 1032 440 Il.
1294 381 1336 446 93

167 539 229 595 licet
252 540 346 596 audire
369 542 462 596 medie
485 557 544 596 uec.
569 548 600 596 ut
622 539 727 596 lldller.
750 539 853 610 voluit,
876 549 974 609 recta,
999 557 1087 613 neque
1110 557 1190 611 vero,
1214 549 1244 596 ut
1267 540 1336 598 llan.

167 633 195 680 et
216 623 309 680 Graes.
333 623 478 698 putabant,
502 629 546 682 aia
570 625 596 680 h.
620 625 638 680 Ι.
662 624 733 680 idem
756 642 817 680 esse
840 632 947 699 potest,
977 625 1050 700 quod
1079 633 1144 681 orte
1172 623 1336 702 (fflictitobt),
1366 656 1373 669 .

169 709 323 782 frustraque
345 708 414 764 illan.
438 709 544 765 confert
573 709 628 766 Liv.
651 709 735 781 XXV,
758 711 794 780 9,
816 708 835 764 4
859 713 904 767 ria
928 726 1024 767 omnes
1046 713 1123 766 irent
1146 706 1155 783 Ι
1168 709 1236 784 „bct
1255 706 1338 785 beet:

168 792 253 870 [trufis
268 789 404 872 luiqeu‘ffi
429 792 472 849 ubi
489 803 531 851 est
553 799 606 875 ire,
630 810 685 850 nou
709 799 767 864 aii,
790 802 817 851 et
839 796 964 868 sequitur
986 793 1134 869 explicandi
1156 811 1237 851 causa
1260 812 1342 865 „nec

167 879 278 935 deverti
299 894 462 952 quemquam
485 919 492 932 .
515 921 522 935 .
546 879 735 954 peterentnr“.
758 883 798 918 -ὲ-
821 880 850 935 3.
875 878 949 950 Vide,
973 895 1006 935 ne
1029 896 1061 935 ex
1083 878 1169 934 Valer.
1194 878 1227 935 ll.
1252 878 1294 950 Vl,
1317 879 1336 934 2

167 962 339 1019 scribendum
362 964 411 1019 sit:
434 964 545 1034 „veniet
568 972 690 1037 tempus,
713 980 797 1037 quoru
820 981 862 1037 gr.
886 979 985 1038 pernas
1008 959 1115 1039 (vulgos
1137 961 1258 1037 pernes),
1284 964 1335 1020 vid.

168 1047 251 1103 lladv.
275 1048 294 1118 S
317 1046 391 1119 358,
415 1065 441 1103 n.
466 1046 516 1104 4“.
554 1079 597 1089 -
631 1051 662 1104 5.
692 1048 727 1103 Β;
756 1050 809 1105 sed
836 1065 887 1122 epo
909 1050 964 1105 noc
986 1066 1044 1106 nan
1067 1050 1204 1120 repudia,
1233 1050 1260 1104 in
1284 1065 1337 1121 qua

166 1132 300 1206 scriptura
324 1134 378 1188 sed
398 1132 494 1187 ialsurn
517 1141 575 1206 est,
604 1133 627 1189 si
650 1134 705 1189 ltoc
728 1140 786 1206 est,
816 1133 889 1206 quod
913 1132 1037 1204 „Caesar
1059 1149 1101 1188 xne
1124 1131 1175 1188 sibi
1197 1133 1254 1188 volt
1276 1148 1336 1188 esse

167 1213 323 1289 legatum“;
352 1215 495 1290 oportebat
521 1226 597 1275 certe
623 1234 683 1273 esse
712 1227 758 1273 aut
786 1224 813 1272 et
840 1225 903 1287 aut,
942 1227 971 1273 ιιι
999 1215 1027 1272 t.
1057 1218 1181 1290 scripsit,
1218 1221 1335 1274 scilicet.

100 1302 105 1309 ’
167 1300 296 1375 Scripsit,
319 1309 404 1374 puto,
426 1300 534 1357 Cicero:
563 1304 614 1359 sed
636 1318 659 1358 e.
682 1305 737 1358 hoc
761 1301 801 1377 (oz
824 1298 1041 1376 „periculuxn“)
1066 1320 1122 1359 nan
1145 1303 1276 1376 rcfapi03
1300 1302 1335 1357 cl.

167 1384 307 1443 decadem
325 1402 354 1442 re
372 1387 419 1455 18,
434 1386 468 1443 3:
486 1387 573 1457 „Nou
588 1389 657 1449 libet
671 1387 792 1460 sapere,
810 1402 875 1442 aveo
898 1403 1021 1460 pugnare
1030 1386 1057 1456 “,
1076 1385 1130 1456 22,
1148 1386 1167 1443 3
1184 1387 1289 1459 „uoltis
1304 1404 1337 1443 ea
1420 1436 1428 1441 ,

167 1475 320 1541 contentio,
343 1488 412 1544 quae
434 1471 581 1544 impendet,
604 1489 660 1528 non
680 1472 822 1546 sapienda
838 1469 991 1543 videatur“,
1018 1472 1101 1542 19,1
1127 1472 1234 1543 „resinae
1250 1470 1336 1528 Clodii

169 1557 443 1628 contentionesque.
468 1598 474 1610 .
505 1555 545 1612 vel
574 1558 672 1614 subire
694 1573 738 1612 eas
763 1598 769 1611 .
795 1598 802 1612 .
826 1555 866 1612 vel
890 1558 1039 1614 declinare
1064 1602 1070 1616 .
1095 1598 1102 1611 .
1127 1554 1252 1630 posse“;
1277 1573 1336 1612 naar

167 1641 326 1711 repudiare
350 1643 513 1711 periculam
542 1658 596 1697 non
625 1648 733 1714 potest,
762 1649 793 1696 ut
815 1640 911 1706 Bootio
940 1649 967 1698 et
989 1640 1097 1698 Klotzio
1124 1650 1151 1696 et
1174 1642 1232 1696 siae
1254 1640 1336 1697 «lubio

167 1724 272 1780 Baitero
296 1727 383 1779 visum
406 1732 458 1795 est,
481 1725 520 1780 sic
542 1724 607 1781 dici:
630 1725 730 1781 dicitur
752 1741 892 1782 recusare
915 1722 1001 1798 (Caes.
1023 1726 1051 1785 ti.
1068 1725 1099 1781 G.
1124 1725 1176 1796 Vll,
1199 1725 1217 1781 2
1240 1736 1268 1782 et
1286 1726 1336 1795 19,

166 1808 195 1863 Β.
219 1807 246 1863 G.
273 1808 314 1876 ΙΙΙ,
339 1808 392 1880 26,
415 1809 469 1883 ιι).
498 1838 540 1849 -
569 1809 683 1881 Deinde,
708 1812 823 1884 opinor,
851 1812 922 1866 iuter
950 1811 1084 1867 necessE
1104 1817 1133 1866 et
1154 1826 1337 1868 arcessentes

167 1892 264 1949 excidit
289 1894 344 1962 tE3
368 1895 432 1950 item
456 1893 508 1964 20,
532 1893 561 1966 2,
585 1894 629 1951 ubi
652 1895 724 1951 inter
746 1893 881 1966 „scribam
904 1896 935 1951 ud
959 1894 1008 1952 ιε’*
1031 1903 1059 1951 et
1082 1902 1131 1967 „te
1147 1911 1201 1951 nou
1217 1912 1337 1951 cornino·

167 1977 256 2033 vebo“
280 1980 378 2033 mirum
402 1986 443 2033 est
467 1980 489 2035 si
512 1977 605 2035 Cicero
628 1987 692 2053 post
714 1996 864 2036 arcessam
883 1979 968 2035 audiri
991 1986 1018 2035 te
1041 1979 1142 2052 voluit,
1164 1996 1196 2035 uc
1218 1996 1283 2052 non,
1306 1987 1337 2035 ut

167 2070 240 2118 certe
263 2061 365 2132 richolt,
388 2062 525 2120 scribere:
548 2081 610 2121 arc.
636 2070 663 2119 te
686 2105 692 2118 .
717 2105 724 2119 .
748 2065 785 2121 ab
806 2065 869 2121 Am.
885 2082 942 2121 non
958 2065 1135 2122 commonebo
1158 2071 1204 2118 aut
1220 2073 1336 2138 utroque

169 2146 229 2202 loco
252 2154 280 2203 te
303 2149 439 2203 omittere.

250 2234 314 2300 Rp.
342 2235 396 2288 20.
424 2235 453 2290 5.
499 2232 527 2287 Β.
550 2242 651 2307 elego
674 2232 767 2289 exll:
795 2236 974 2304 scripseram
1000 2229 1019 2304 †
1047 2241 1074 2289 ct
1095 2233 1187 2289 Faria
1209 2238 1335 2305 scripta-

167 2334 231 2373 ram
255 2314 335 2391 (Crat.
351 2333 374 2372 s.
390 2323 417 2372 te
432 2319 466 2372 F.
484 2312 528 2391 s..)
567 2316 661 2374 Potuit
682 2318 775 2374 Cicero
798 2316 933 2391 scribere,
957 2326 986 2374 ut
1008 2316 1102 2374 lllalb:
1124 2334 1147 2374 s.
1172 2324 1199 2373 ie
1213 2319 1336 2374 Furiam

167 2416 193 2458 s.
215 2397 263 2472 (sc.
286 2418 340 2472 me,
364 2401 399 2457 cl.
423 2401 506 2457 lladv.
532 2402 560 2473 S.
573 2402 634 2460 401
658 2411 685 2459 et
707 2401 739 2457 ad
763 2400 820 2457 l'in.
845 2401 875 2473 V,
899 2403 936 2459 31
962 2409 990 2459 et
1011 2402 1079 2459 adde
1101 2401 1134 2458 ad
1157 2402 1233 2459 locos
1255 2401 1287 2458 ab
1302 2420 1335 2459 eo

168 2484 297 2542 collectos
321 2484 351 2553 Q.
377 2484 406 2541 ll.
431 2485 461 2557 ΙΙ,
485 2487 516 2558 4,
540 2487 569 2557 7,
599 2489 654 2544 stt.
678 2487 725 2558 lV,
750 2487 804 2558 11,
829 2480 841 2541 ]
869 2485 917 2557 (sc.
940 2503 972 2544 sc
998 2502 1027 2543 o:
1049 2504 1079 2543 se
1101 2495 1129 2544 et
1151 2486 1284 2561 Crassum)
1308 2495 1336 2543 et

170 2570 219 2641 17,
242 2570 272 2641 3,
295 2570 336 2635 ΙΙΙ,
355 2570 404 2641 18,
421 2571 451 2643 3,
472 2570 542 2651 Sest.
561 2570 611 2642 15,
634 2589 661 2646 p.
678 2570 750 2627 Sulla
767 2572 806 2627 65
832 2569 886 2645 (ubi
909 2580 999 2629 tamen
1022 2580 1085 2647 post
1106 2572 1339 2635 intercesSORE

168 2670 199 2709 ex
224 2654 290 2724 SE,
318 2662 349 2709 ut
371 2663 413 2711 est
435 2658 462 2711 in
484 2654 556 2713 bono
580 2655 623 2712 od.
647 2655 738 2727 Parc,
767 2663 860 2730 potest
886 2671 947 2713 esse
970 2657 1070 2714 lactum
1092 2656 1217 2729 solie,
1241 2659 1302 2731 quia
1325 2658 1339 2712 Ι

168 2737 224 2795 lere
247 2748 289 2795 est
311 2763 354 2785 =
376 2737 406 2813 Ῑ),
430 2740 509 2796 trad.
533 2741 553 2811 Ι,
578 2740 628 2813 18,
651 2740 724 2796 Fam.
747 2740 778 2810 ll,
802 2739 841 2797 32
866 2732 960 2813 (Asinii
984 2740 1135 2813 Pollionis),
1158 2741 1188 2813 4,
1212 2741 1279 2797 Phil.
1305 2740 1334 2809 V,

170 2823 207 2880 39
232 2820 393 2896 (saetarum
411 2825 506 2897 faisse
528 2827 692 2882 declaravit
713 2848 755 2871 =
780 2823 843 2896 Vlll,
861 2823 907 2897 2);
930 2825 979 2881 sed
1004 2834 1090 2881 tamea
1114 2842 1166 2899 ego
1189 2827 1281 2900 putavi
1303 2843 1335 2880 ex

170 2912 423 2983 scripserammete
447 2909 545 2965 lectum
568 2926 629 2965 esse
652 2914 829 2982 scripseram
851 2916 878 2965 ct
903 2907 951 2979 (sic
973 2912 1052 2966 etiam
1069 2908 1167 2984 lllotz.)
1190 2919 1237 2966 aut
1252 2909 1342 2965 inisse.

169 3009 191 3048 s.
212 3010 256 3049 me
280 3002 307 3049 te
323 2994 358 3049 F.
377 2992 529 3064 facturam
552 2992 597 3064 (cl.
621 3011 683 3068 sqq.
703 3003 730 3050 et
754 2993 808 3064 19,
831 2995 858 3049 in
881 3011 933 3068 qua
956 2993 989 3050 de
1012 2995 1062 3050 hac
1084 3011 1113 3050 re
1136 2994 1335 3069 „scripserat“,
1427 3054 1430 3059 ,

169 3079 187 3134 5
210 3095 274 3148 „roe
298 3077 425 3147 laelium,
449 3087 476 3133 te
499 3081 619 3135 Furiam
639 3077 795 3151 saciam“;
823 3077 971 3134 oberrando
994 3079 1027 3135 ad
1050 3078 1262 3137 SCRIPseram
1285 3096 1335 3152 pro

169 3163 338 3219 FAGinrarn
352 3162 432 3218 scribi
449 3165 541 3235 potnit
557 3163 778 3234 SCRIPtaram,
794 3164 827 3218 de
843 3179 898 3235 quo
912 3165 1012 3219 erroris
1031 3181 1133 3238 genere
1148 3166 1254 3239 saepius
1270 3161 1334 3236 dixi)

169 3256 270 3303 antme
286 3248 335 3303 tibi
350 3253 381 3303 at
395 3248 486 3304 Faria
502 3264 526 3304 s.
550 3244 591 3323 (ut
613 3247 705 3320 prom
726 3250 857 3321 scriptum
879 3251 915 3304 sit
936 3266 963 3302 m
985 3258 1012 3305 et
1027 3247 1176 3304 aberrando
1200 3268 1214 3304 a
1238 3257 1248 3304 ι
1269 3248 1302 3303 ad
1325 3257 1335 3304 t

169 3331 297 3388 exciderit
320 3333 403 3398 tibin,
422 3331 503 3393 Boot.
527 3331 613 3403 coni:
636 3348 659 3388 s.
683 3348 726 3388 me
749 3339 779 3389 at
796 3333 888 3388 Faria
905 3331 950 3402 s.).
997 3333 1078 3405 lnlra,
1102 3331 1145 3388 nbi
1168 3333 1268 3406 vulgo:
1292 3347 1336 3388 me

165 3417 190 3489 f.
213 3418 246 3472 t.
270 3424 298 3471 et
320 3424 348 3472 te
369 3419 438 3487 Ait,
462 3416 563 3483 Lsnrh.,
586 3417 692 3489 opinor,
717 3425 790 3474 recte
813 3433 867 3471 oxn.
892 3425 930 3487 ei,
953 3416 988 3472 cl.
1014 3418 1069 3483 19,
1093 3418 1122 3474 5.
1155 3448 1198 3458 —
1231 3421 1266 3483 6,
1291 3416 1335 3473 ubi

169 3501 250 3575 vulgo
274 3508 331 3556 est:
354 3504 468 3575 reliquii
490 3519 518 3557 n.
542 3500 603 3558 HS.
625 3502 756 3573 fortasse
778 3505 924 3572 centiens,
948 3517 1016 3574 ego:
1044 3498 1063 3572 Ι
1086 3506 1208 3559 centies:
1232 3500 1335 3557 scilicet

168 3585 328 3658 locutique
352 3585 443 3657 aliquo
466 3585 526 3646 cod.
550 3587 610 3641 sine
631 3587 713 3643 dubio
737 3585 786 3642 luit
811 3584 857 3655 C.,
886 3601 916 3640 a:
939 3595 1052 3643 centum
1075 3583 1179 3662 (milia);
1209 3585 1271 3642 sen.
1302 3603 1335 3641 ex

171 3669 328 3744 llolaspiuae
351 3669 423 3740 conj.
449 3666 539 3746 (quem
563 3669 647 3732 videi:
671 3680 794 3742 centum,
818 3669 906 3726 lamb.
931 3678 1044 3727 centnm
1067 3673 1154 3728 milia.
1199 3668 1335 3727 Librarius

169 3755 323 3828 archetypi,
347 3764 377 3810 ut
400 3752 446 3824 fit,
469 3763 559 3811 notam
585 3754 655 3811 illam
678 3757 747 3812 male
770 3755 922 3829 explicavit.
959 3784 1000 3795 -
1036 3761 1068 3812 6.
1097 3755 1179 3812 Miror
1200 3757 1335 3812 nerninem

169 3839 266 3911 vidisse
287 3849 349 3894 ante
371 3842 483 3911 Accepi
503 3840 633 3896 excidisse
655 3841 834 3909 Alexandri,
857 3842 891 3896 cl.
917 3837 974 3910 22,
998 3841 1015 3896 7
1039 3842 1141 3898 Libros
1163 3829 1212 3914 (sc.
1236 3843 1334 3897 missos

168 3925 268 3980 miliia
292 3932 319 3978 te
341 3940 390 3997 per
413 3921 525 3997 Vibium)
548 3926 715 3982 Alexandri
735 3968 742 3981 .
760 3967 791 3980 ..
815 3927 865 3981 rior·
880 3928 990 3992 remisi3
1013 3942 1062 3981 cur
1078 3926 1149 3982 enim
1165 3929 1257 4001 priore
1274 3926 1334 3981 loco

169 4025 266 4065 nomen
294 4010 437 4082 scriptoris
465 4008 557 4064 Cicero
587 4010 744 4065 omitteret?
787 4009 850 4065 Sine
879 4010 963 4066 Alea.
993 4020 1084 4066 essent
1122 4011 1193 4068 Vibii
1218 4009 1280 4065 libri
1308 4018 1335 4064 et

168 4094 224 4167 ipse
254 4094 351 4149 Vibius
373 4098 482 4166 „poeta
503 4093 643 4166 ineptns“.
689 4093 787 4149 lleinde
815 4096 887 4149 inter
913 4095 1038 4166 ineptas
1065 4105 1093 4151 et
1114 4091 1133 4166 i
1155 4096 1210 4152 ΕΤ
1229 4095 1336 4148 videtur

169 4179 233 4235 milri
255 4176 386 4233 excidisse
409 4176 481 4248 EST,
503 4177 562 4233 sine
585 4194 640 4250 quo
663 4178 772 4248 Cicero,
795 4179 909 4251 opinor,
932 4179 1055 4249 dixisset,
1078 4188 1109 4236 ut
1131 4179 1182 4251 22,
1206 4177 1241 4232 7:
1265 4194 1334 4248 „ae

168 4265 234 4336 cepi,
259 4270 356 4336 poetae
379 4263 480 4335 inepti,
503 4261 551 4319 sed
575 4260 684 4340 (tamen)
713 4264 758 4336 qui
781 4263 847 4318 sciat
870 4265 993 4321 nonnihil
1016 4273 1043 4320 et
1065 4267 1101 4321 sit
1124 4281 1177 4320 non
1200 4261 1335 4318 inutilis“.

91 4368 102 4382 ·
169 4345 274 4403 Scilicet
296 4362 350 4419 ego
373 4348 483 4420 scripsi:
505 4344 673 4421 ineptas,·†
695 4355 722 4404 ct
746 4342 794 4422 (sic
816 4366 857 4419 vo,
874 4345 966 4425 Mitto)
990 4359 1083 4406 tanen
1106 4353 1159 4405 scit
1181 4346 1262 4418 nihil,
1286 4350 1337 4402 sed

170 4430 216 4507 (sic
238 4426 346 4507 illitae)
376 4447 400 4487 e.
425 4450 452 4489 n.
476 4436 495 4488 i.
539 4430 614 4488 tuit:
644 4437 680 4504 i.,
709 4434 761 4489 sed
784 4430 835 4510 (vel
860 4430 897 4511 et)
922 4441 941 4490 ι.
965 4450 989 4491 s.
1014 4434 1143 4491 nonnihit
1167 4439 1194 4490 et
1217 4447 1241 4488 e.
1265 4450 1292 4491 n.
1315 4436 1333 4492 τ’.
