3256 5104
431 387 433 391 ,
478 333 616 400 Epistolae
635 331 669 382 ad
686 330 858 383 Familiares.
894 332 976 384 Liber
994 333 1051 387 XV.
1302 330 1345 397 55
1419 368 1423 371 -

177 494 242 549 mihi
266 493 330 549 alirn
353 491 479 566 protana:
503 494 586 564 qaod,
611 509 752 565 oteramo,
776 494 795 547 τ’.
811 499 983 548 occurrant.
1029 489 1057 547 L.
1082 499 1156 548 reete
1179 491 1287 548 coniert
1301 510 1342 566 sq.

175 581 297 635 simelae
320 596 356 633 m.
380 580 533 634 collibitum
556 580 593 633 ra
617 574 673 650 (-'-
696 593 778 650 qnurn
801 573 894 650 veiim)
924 579 959 632 de
982 582 1009 632 te
1031 593 1058 632 e.
1087 586 1114 632 et
1142 576 1175 633 de
1201 576 1291 634 eadern
1314 595 1343 633 re

176 663 260 720 Diria.
285 662 317 733 ΙΙ,
342 662 401 720 138
425 671 499 735 „ut,
521 664 706 735 simulatque
730 663 858 729 aelianus,
881 669 1043 718 accurrant
1066 670 1094 716 et
1115 660 1192 717 Lacr.
1216 660 1259 734 ΙΙΙ,
1281 661 1341 720 782

177 750 322 821 „simelae
338 751 481 819 vetamus,
504 746 581 803 nobis
602 745 756 805 accurrit‘
782 742 831 819 (sic
846 745 887 818 t,
904 747 1010 821 opinor,
1033 763 1064 801 ex
1080 744 1178 810 codd.;
1201 745 1342 821 Foebiger.
1407 748 1411 771 ¹

176 834 235 889 sine
258 848 312 888 var.
329 831 401 909 aee.)
422 830 545 906 inrogo“.
576 830 710 896 Facillime
726 839 753 887 et
768 839 825 903 qao
840 839 903 904 post
918 833 995 904 qaod
1008 829 1106 886 excidit
1120 838 1147 886 et
1163 847 1193 885 ex
1207 832 1343 902 ipsocor-

176 925 247 975 rnat
269 918 369 973 sactum
392 925 435 974 est
455 922 652 989 ipsaearrant,
676 923 707 972 ut
720 915 748 979 ,3
773 918 842 988 qaid
862 933 894 972 ex
917 918 1010 988 quiid,
1035 916 1120 988 17,1
1145 917 1240 973 brevis
1254 918 1291 972 eat
1310 933 1343 972 en

175 1004 270 1063 treats
289 1004 352 1060 sed·
387 1002 439 1058 Pro
462 1011 622 1061 accurrere
645 1001 739 1057 Cicero
762 999 820 1056 din.
845 1002 879 1072 1,
902 1000 941 1056 21
965 1004 1092 1070 iacere,
1121 1001 1177 1066 Ati.
1200 999 1239 1071 ΙΙ,
1258 1001 1299 1073 Δ3,
1322 1001 1340 1056 2

176 1077 347 1161 ἐμπτώσεις.
393 1086 473 1158 tnirr,
497 1086 542 1142 ubi
564 1087 662 1160 vulgo:
685 1093 835 1156 occurrat,
858 1101 911 1160 ega
934 1103 966 1142 er
988 1083 1018 1141 L.
1041 1083 1112 1156 conj.
1135 1101 1198 1142 aec.
1224 1081 1275 1158 (τ-
1297 1085 1342 1140 nd·

175 1171 275 1244 volet),
305 1173 349 1228 eni
372 1174 424 1228 rite
446 1170 593 1246 respondet
615 1186 657 1246 sq.
681 1171 847 1231 renotata.
892 1171 947 1229 Nee
969 1171 1081 1240 mirum,
1110 1171 1132 1225 si
1156 1169 1279 1229 librarius
1302 1170 1345 1227 vei

175 1274 267 1315 errore
291 1275 307 1314 o
330 1274 381 1331 pra
404 1276 422 1314 a
444 1256 554 1330 scripsit
576 1256 617 1313 vei
642 1256 733 1313 notius
756 1255 806 1317 sibi
829 1254 939 1317 verbnm
961 1255 1116 1329 supposuit.

257 1345 321 1409 Ep.
347 1346 395 1402 17.
417 1346 451 1401 4.
491 1341 532 1397 B.:
555 1348 679 1415 aratam.
703 1341 752 1411 Et,
775 1341 937 1411 amatote,
960 1358 1055 1413 qaam.
1101 1338 1173 1413 Ego:
1195 1359 1239 1414 ar.
1263 1347 1290 1397 et
1312 1359 1340 1401 a.

175 1435 209 1497 te,
233 1446 278 1500 a,
302 1443 352 1483 nee
374 1428 443 1482 enirn
467 1444 521 1482 am.
545 1432 571 1481 te
594 1426 620 1481 ir.
636 1425 655 1481 Ι.
680 1427 756 1498 quasi
778 1434 827 1499 por
844 1425 1020 1503 parenthesin
1042 1425 1212 1481 interiectum
1236 1434 1289 1498 est,
1311 1434 1343 1483 ut

173 1514 228 1568 tn.
250 1511 282 1582 il,
305 1511 336 1582 2,
360 1512 377 1566 1
403 1511 495 1582 Cura,
518 1529 546 1567 a.
570 1518 612 1582 te,
637 1511 817 1578 Ciceronem,
840 1509 888 1571 sed
911 1509 1036 1583 primaria
1060 1511 1195 1566 sententia
1217 1519 1260 1566 est
1283 1509 1343 1583 (por

174 1604 200 1654 et
221 1614 282 1653 eum
306 1594 405 1669 „nobis
429 1637 462 1652 ..
485 1588 614 1668 gratarn“
637 1590 783 1666 connexa),
806 1618 848 1657 ε,-
870 1601 921 1651 ora
945 1601 986 1663 te,
1010 1611 1129 1667 quaeso,
1154 1594 1224 1651 uarie
1240 1595 1342 1669 pendet

174 1686 276 1755 „qnam
383 1678 557 1737 memineris“
581 1678 637 1754 (=
659 1688 705 1749 at,
735 1696 819 1753 quum
842 1720 892 1751 ..,
921 1697 957 1736 nr.
986 1682 1166 1750 meminerim
1196 1679 1285 1749 etQ.
1311 1679 1340 1738 F.

174 1767 191 1838 Ι,
214 1766 245 1837 4,
269 1766 296 1837 1,
321 1766 383 1827 i'er.
406 1765 473 1825 Eun.
496 1764 540 1835 ΙΙΙ,
563 1765 593 1836 3,
617 1765 666 1835 31,
690 1763 776 1821 ena.
799 1764 868 1821 Men.
892 1763 935 1835 ΙΙΙ,
959 1765 989 1834 3,
1015 1764 1043 1837 1,
1067 1760 1123 1838 ai).
1167 1820 1171 1830 ⁴

254 1853 317 1919 Ep.
343 1854 391 1907 18.
436 1849 498 1906 Sine
521 1848 603 1906 dubio
626 1848 724 1905 cncidit
746 1850 789 1905 sT
809 1845 871 1923 (est)
900 1858 946 1905 aut
968 1857 1030 1904 ante
1056 1851 1118 1906 Tua
1141 1858 1188 1904 aut
1209 1858 1274 1923 post
1296 1853 1341 1907 in·

173 1937 285 2010 aaiE83
314 1937 341 1991 in
364 1934 495 1992 eiusmodi
517 1936 588 1990 enim
610 1951 659 2008 per
680 1935 730 1990 adi
750 1936 964 2008 interrogatione
992 1949 1057 2010 esse
1079 1932 1199 1989 autlitunr
1223 1952 1279 1992 non
1302 1937 1343 1991 in·

173 2023 264 2093 renio,
287 2029 315 2077 et
336 2020 455 2076 additum
478 2028 520 2075 est
543 2019 569 2075 in
591 2017 780 2093 respondendo
806 2014 893 2093 („Tua
909 2061 915 2075 .
934 2060 940 2074 .
959 2017 1011 2091 pai.
1027 2015 1118 2093 est‘),
1142 2017 1187 2075 ubi
1209 2019 1271 2075 addi
1293 2038 1341 2077 ne·

172 2123 246 2162 cesse
268 2123 323 2162 non
347 2105 407 2161 tuit
452 2103 576 2160 Ceterum
599 2105 697 2159 erravit
720 2103 959 2175 veirementer.B.,
989 2120 1073 2177 quum
1095 2104 1247 2159 certissima
1269 2104 1340 2163 Man.

173 2190 242 2262 conj.
266 2207 323 2248 non
344 2197 489 2246 contentus
511 2190 570 2262 ipse
592 2191 745 2263 suspicatus
768 2196 824 2243 est:
847 2193 877 2245 ia
899 2191 960 2255 olea
980 2177 1042 2261 est,
1075 2186 1138 2244 coll.
1162 2187 1209 2242 Or.
1233 2187 1259 2261 1,
1283 2188 1339 2245 81:

172 2275 236 2347 loci,
268 2274 313 2330 uiti
335 2274 417 2330 Cassii
446 2273 617 2348 philosophia
642 2271 810 2342 versabatur,
838 2290 936 2328 nornen
961 2270 1081 2350 (eulina)
1105 2273 1272 2328 eontrarium
1296 2275 1340 2330 irn-

172 2359 233 2417 bere
260 2358 341 2416 debet
369 2358 570 2421 aliosalicuius
592 2357 662 2430 loci,
691 2357 736 2414 ubi
760 2358 910 2429 Ciceronis,
936 2374 1051 2429 nomen;
1080 2358 1107 2413 id
1135 2366 1224 2413 autern
1249 2360 1340 2417 oleam

171 2463 230 2501 osse
259 2462 314 2501 non
341 2451 451 2519 potest,
473 2460 535 2500 nont
558 2442 602 2499 Or.
627 2443 644 2499 Ι,
668 2460 701 2499 c„
716 2440 864 2519 („nitidurn
892 2461 919 2516 q.
943 2458 1032 2516 genus
1059 2451 1101 2500 est
1124 2440 1268 2498 verborum
1291 2486 1298 2500 .
1320 2486 1340 2514 .,

170 2530 217 2586 sed
236 2532 408 2603 palaestrae
431 2529 516 2603 nangis
539 2535 567 2584 et
589 2530 652 2598 olei,
677 2544 756 2601 quarn
780 2528 806 2583 h.
829 2545 853 2584 e.
879 2527 1021 2583 tertiaeet
1045 2526 1129 2602 iori‘)
1154 2529 1209 2585 olei
1230 2528 1262 2583 ad
1286 2530 1338 2585 loci

171 2632 267 2671 nomen
291 2611 371 2687 (pat.)
395 2612 670 2689 qnasinppendicula
692 2612 821 2685 quaedam
844 2613 963 2668 additum
985 2621 1028 2668 est
1050 2612 1102 2685 (=
1125 2613 1178 2688 pai.
1199 2629 1259 2668 eum
1277 2614 1338 2670 oleo

169 2697 241 2773 sno),
264 2700 335 2755 sieut
356 2701 384 2755 t.
402 2700 574 2756 centurbae
596 2696 628 2752 ad
647 2698 710 2770 sori
717 2717 724 2767 3
748 2695 843 2753 Catuli.
867 2698 920 2770 63,
937 2696 976 2754 65
998 2698 1054 2768 flos
1066 2701 1211 2772 qymaasir'
1232 2700 1339 2772 poetice

168 2801 217 2858 per
238 2787 328 2841 decas
350 2787 406 2841 olei
426 2782 583 2856 explicatur.
629 2780 783 2838 Aberrnndo
807 2781 840 2836 ad
862 2800 921 2855 sup.
945 2781 1140 2839 MOLESTiis
1163 2782 1260 2855 M’pra
1281 2782 1338 2839 IN-

162 2863 377 2940 paLESTrAst
405 2868 513 2941 scripsit
540 2866 750 2924 detestare
780 2863 869 2941 (quod
903 2884 936 2922 ex
964 2866 1132 2924 INOLEost
1161 2865 1218 2922 fieri
1251 2867 1337 2924 multo

168 2952 303 3011 difficilius
333 2949 448 3028 potnit),
476 2951 509 3007 ci.
537 2952 571 3008 de
599 2952 688 3008 mendi
717 2967 818 3024 genere
840 2968 902 3007 ann.
926 2950 958 3006 ad
983 2951 1037 3023 15,
1063 2953 1079 3008 1
1105 2961 1133 3008 et
1156 2951 1190 3021 2;
1224 2952 1276 3022 10,
1303 2953 1336 3023 1;

168 3039 197 3110 3,
221 3039 256 3107 2;
279 3037 310 3110 4,
333 3038 368 3107 53
392 3037 427 3107 ΙΙ,
450 3036 480 3108 4,
505 3036 531 3111 l,
554 3035 588 3093 al.
633 3037 678 3092 Sic
701 3036 755 3110 19,
770 3036 796 3090 .1
821 3035 1028 3105 Mutomiar'bas
1050 3045 1113 3112 post
1135 3038 1264 3094 domines
1286 3053 1337 3112 pro

168 3125 306 3196 omnibus,
329 3122 347 3178 2
369 3126 501 3194 ipiearas
523 3131 586 3197 post
608 3126 671 3195 ipse
693 3138 742 3195 pro
766 3126 839 3193 epte.

173 3230 177 3236 ·
249 3211 312 3276 Ep.
335 3211 386 3268 20.
410 3204 440 3263 2.
485 3205 512 3263 B.
536 3223 639 3263 mecum
664 3202 734 3278 (Em.
759 3225 786 3280 p.
810 3205 863 3281 to)
894 3223 926 3262 en
955 3206 1033 3263 codd.
1057 3208 1144 3282 Regg.
1170 3209 1238 3264 otim
1260 3209 1337 3264 uncis
1413 3196 1421 3208 ’

167 3292 285 3350 inclusit.
330 3291 504 3348 verisimilius
532 3300 575 3348 est
603 3291 742 3347 librariam
771 3290 803 3346 ad
833 3292 925 3366 paullo
949 3291 1064 3349 interius
1093 3296 1158 3349 otim
1187 3291 1336 3349 aberrando

167 3381 229 3435 otim
251 3377 384 3434 addidisse
407 3393 540 3451 quam‘en
563 3379 694 3451 aliquant
705 3378 750 3432 ΙΙΙ
761 3376 816 3434 VM
837 3376 885 3452 (sie
900 3373 980 3450 dian.)
1005 3377 1102 3435 iecisse
1125 3381 1259 3450 aliquant
1271 3378 1337 3433 VM-

169 3463 277 3532 0t1M3
300 3461 347 3519 sed
370 3464 462 3518 neseio
485 3479 518 3516 an
534 3459 618 3519 Koch.
635 3470 662 3516 et
677 3459 779 3525 Krnuse
801 3470 877 3519 reete
899 3479 931 3517 ex
954 3464 997 3518 oti
1017 3462 1132 3518 iecerint
1148 3464 1219 3536 οἰσὶ,
1244 3478 1338 3536 quarn·

168 3565 260 3621 quam,
290 3544 363 3620 quod
386 3545 487 3602 lirense
511 3544 648 3602 horridum
679 3555 707 3601 et
730 3546 861 3603 ineditum
884 3545 990 3602 dicendi
1014 3562 1103 3621 genus
1126 3548 1162 3601 nit
1185 3563 1246 3617 esse
1269 3547 1338 3619 „ali-

167 3641 296 3706 quantum
324 3631 356 3687 ad
378 3648 497 3687 amorem
519 3629 654 3703 addere“,
679 3632 853 3689 vehementer
874 3632 981 3701 erravit,
1006 3633 1042 3688 es.
1066 3629 1114 3703 ΙΙΙ,
1139 3631 1195 3702 13,
1219 3632 1338 3704 2·„irac

99 3744 108 3752 »
166 3734 194 3772 re
216 3725 312 3773 novata
335 3719 460 3774 additum
482 3734 509 3789 p.
534 3718 644 3786 aliquid
665 3719 704 3773 ad
724 3725 816 3774 m‘etaa
834 3712 904 3788 'ergo
928 3720 1115 3788 testudinem,
1140 3714 1276 3791 qao‘(=
1299 3718 1339 3773 ad

167 3797 253 3877 qaod)
285 3802 356 3858 nitati
379 3819 403 3855 v.
426 3802 495 3858 acidi
517 3820 560 3874 μ,
590 3818 669 3874 quarn
697 3803 853 3874 quidquam
881 3818 942 3857 esse
964 3803 1128 3859 detractam
1153 3797 1202 3875 (se.
1226 3804 1258 3858 de
1281 3798 1337 3876 eo),

167 3886 196 3957 V,
217 3886 268 3957 19,
292 3888 307 3942 1
333 3887 425 3957 „aime
448 3887 487 3941 art
509 3893 583 3941 tuum
607 3903 649 3959 pr.
673 3887 804 3960 officiam
827 3880 896 3944 addi
917 3885 977 3962 p.“,
1001 3888 1022 3961 Ι,
1047 3886 1078 3956 7,
1102 3887 1125 3943 8
1145 3890 1234 3960 „pias
1257 3888 1336 3943 aetdi-

98 3994 103 4004 ·
166 3979 222 4027 tam
245 3973 468 4028 admemoriam
490 3988 516 4025 n.
541 3987 580 4043 η,
604 3988 684 4044 quarn
699 3975 844 4042 demptam
866 3974 902 4027 de
914 3970 1072 4045 fartaaa“,
1097 3972 1146 4028 alia
1162 3972 1261 4028 inuita:
1284 3972 1335 4026 aet-

165 4058 233 4113 dere
255 4059 295 4113 art
314 4054 474 4130 simpliciter
495 4064 537 4110 est
558 4079 601 4101 =
622 4072 734 4130 augere,
757 4057 913 4113 detrahere
935 4051 1070 4133 tatemere)
1094 4059 1130 4113 ete
1152 4080 1194 4103 =
1216 4059 1337 4113 minuere

166 4139 338 4215 (metentem
353 4136 526 4217 retractat).
