3256 5104
408 385 548 449 Epistolee
567 386 600 434 acl
620 387 751 447 Quintum
769 386 902 435 Fratrem.
941 386 1023 435 Liber
1040 387 1075 435 ΙΙ.
1138 358 1140 361 v
1284 385 1325 448 65

157 545 301 616 altequtos
330 542 381 600 Cu.
403 543 436 601 L.
466 543 578 599 Vutr'um
601 549 628 598 et
651 542 680 600 C.
705 542 874 599 Cornelium.
912 542 1023 598 probavi
1047 546 1179 615 calliputos
1202 538 1255 615 (sc.
1275 561 1329 599 ιιιιι-

157 626 230 683 bitus
256 628 379 696 erimine,
401 642 430 681 e:
452 626 548 702 culpae
570 627 649 683 Sestii
671 625 783 699 affines,
806 627 840 683 cl.
867 627 950 683 Vlacc.
975 626 1043 697 41),
1072 627 1134 683 coll.
1159 627 1264 684 Glnent.
1289 629 1328 685 39

157 712 216 784 (ulti
238 712 360 767 Classen.
384 720 456 768 reete
479 730 510 768 en
534 712 606 767 mell.
630 712 690 768 edu.
715 715 863 785 uitiqatum
887 730 936 786 pro
959 715 1035 767 iuter
1057 715 1216 785 altequtos,
1244 721 1275 768 nt
1296 730 1330 768 en

137 784 372 871 'interpolatione
394 799 421 852 in
444 796 511 853 dett.
535 796 604 867 ιιι),
628 813 699 869 nam,
722 805 754 852 ut
775 797 901 870 equidem
924 798 1037 870 opinor,
1063 797 1134 869 epucl
1156 799 1230 871 ipsos
1253 814 1330 872 prae·

157 889 232 937 tores
249 879 366 936 celebant
387 880 506 953 indices,
536 897 591 937 nou
612 881 684 955 apud
707 882 830 937 homines
853 899 867 936 a
890 880 1060 955 praetoribus
1088 880 1121 936 ad
1143 898 1173 938 se
1192 886 1330 952 privatim
1392 888 1395 895 ’

156 964 275 1039 legatos.
321 964 375 1020 Sed
398 964 526 1039 quidest
549 965 757 1040 ..adalligatos
779 965 861 1022 eslere
883 1008 914 1021 ..
936 959 1129 1021 Cornelium“?
1172 965 1201 1021 t.
1225 968 1264 1023 aci
1285 983 1330 1023 ex·

155 1051 241 1124 plicat
265 1066 314 1124 per
334 1058 457 1121 praeter
478 1068 501 1106 s.
526 1067 604 1107 cum:
627 1059 655 1107 at
677 1052 793 1124 primum
817 1052 856 1107 ud
876 1052 915 1107 sic
937 1049 1026 1106 (licere
1049 1066 1102 1105 non
1120 1049 1255 1107 Ciceronis
1277 1058 1329 1123 est,

154 1134 203 1190 secl
229 1136 425 1190 historicorum
447 1133 537 1206 (Sall,
561 1134 629 1205 liv..
651 1135 726 1205 lae,
750 1135 853 1207 Suet),
876 1144 903 1190 et
926 1134 1034 1208 quidem
1056 1136 1083 1189 in
1106 1137 1147 1191 ud
1166 1137 1221 1192 troc
1243 1138 1329 1210 (prac-

156 1218 250 1291 teree)
274 1228 396 1287 tantum3
426 1220 521 1276 tleincle
551 1238 584 1278 nc
612 1230 735 1293 praeter
763 1220 871 1293 quidem
893 1229 986 1293 aptum
1009 1229 1097 1290 esset,
1120 1219 1168 1275 secl
1189 1224 1267 1277 iuter
1288 1223 1330 1292 lut

155 1306 215 1378 ipse
241 1303 272 1361 L.
297 1304 401 1360 Cluent.
423 1305 442 1361 l.
465 1321 488 1360 c.
512 1306 647 1380 scripsit);
678 1308 718 1362 ud
738 1305 805 1361 nihil
828 1306 878 1361 nisi
901 1306 982 1376 apud
1003 1320 1063 1360 esse
1087 1312 1212 1377 poterat,
1234 1306 1261 1361 id
1284 1322 1330 1361 an·

154 1398 211 1445 tem
234 1388 269 1444 de
294 1391 421 1462 uliiqotis
443 1399 515 1447 esset
530 1388 684 1447 absurdum.
723 1388 810 1457 Quare
825 1405 892 1463 ego:
917 1391 960 1445 ecl.
983 1385 1057 1459 †eci
1070 1391 1224 1463 alloquitor,
1247 1407 1330 1464 quum

153 1476 284 1548 suspicer
312 1472 397 1529 luisse
424 1474 451 1529 in
480 1475 552 1530 arclr.
582 1475 624 1549 cd.
649 1478 693 1533 eri.
717 1476 860 1545 odiiqutos
890 1470 939 1547 (cl.
962 1473 1024 1529 Tac.
1050 1474 1079 1528 Α.
1104 1473 1140 1545 ΙΙ,
1164 1474 1206 1532 40
1233 1479 1331 1533 ederet

154 1563 264 1631 socios,
287 1558 330 1628 lV,
354 1557 394 1615 45
417 1560 502 1615 edere
526 1564 673 1629 conscios,
697 1557 759 1631 at),
787 1560 814 1614 in
838 1558 862 1614 M
884 1575 948 1615 vero
975 1560 1015 1614 uri
1034 1574 1068 1614 ex
1090 1560 1177 1632 udliq.
1202 1577 1264 1617 esse
1285 1578 1332 1635 pe·

154 1645 256 1714 titum,
288 1652 318 1698 ut
340 1643 445 1698 Cluent.
468 1643 486 1699 l.
511 1661 534 1699 e.
558 1646 584 1699 in
606 1643 675 1701 dett.
699 1643 761 1716 aliq.
784 1652 827 1699 est
849 1645 888 1699 ed
908 1647 985 1699 inter
1007 1644 1173 1716 siliquarum,
1202 1662 1236 1701 en
1258 1647 1331 1703 edii·

152 1736 272 1801 patum,
301 1729 486 1801 superscripto
507 1732 585 1784 iuter
607 1730 758 1803 relinquiae,
781 1737 883 1784 natum.
915 1758 951 1769 -
983 1728 1011 1783 ln
1034 1744 1075 1800 sq.
1100 1723 1193 1798 †r'stu
1218 1732 1246 1786 ei
1267 1732 1331 1804 qnid

153 1813 258 1884 lateat,
282 1829 316 1867 ne
338 1828 391 1886 ego
415 1812 522 1885 quiclern
545 1815 665 1870 invenire
687 1815 778 1886 potui:
806 1829 959 1887 cognomen
988 1811 1096 1886 aliquod
1120 1812 1240 1871 Cornelii
1261 1814 1330 1888 (Be-

153 1894 290 1968 stiam),
320 1906 351 1952 ut
374 1896 415 1953 Or.
443 1897 576 1972 lvolnit,
600 1915 650 1969 an,
673 1905 704 1953 ut
727 1896 772 1954 Or.
797 1897 834 1967 ΙΙ,
863 1897 928 1953 haec
951 1898 1008 1954 lere
1030 1901 1178 1955 sententie:
1207 1901 1331 1973 IYAque
1363 1970 1366 1976 .

155 1980 206 2053 (sic
229 1984 282 2037 iam
306 1981 337 2055 ΙΙ)
362 1983 423 2039 rEI
444 1989 511 2039 suut
531 1984 630 2056 secel,
659 2000 692 2039 an
715 1981 787 2039 aliud
815 1981 924 2055 aliquid.
969 1980 1048 2048 Quoi
1069 1978 1114 2036 Or.
1140 1982 1235 2042 Onom.
1258 1985 1330 2041 hunc

153 2067 247 2123 locum
277 2066 311 2122 acl
341 2067 509 2122 notissimum
537 2068 613 2124 illurn
640 2066 703 2123 trib.
736 2067 774 2140 pl.
803 2066 830 2121 C.
859 2065 1013 2123 Cornelium
1047 2067 1110 2138 (qui
1138 2084 1246 2142 semper
1271 2070 1330 2125 sine

27 2122 29 2175 ἶ
99 2188 102 2193 -
154 2152 323 2225 cognomine
346 2150 403 2206 nllo
426 2149 591 2222 nominatur)
614 2152 730 2221 rettulit,
754 2152 812 2207 sine
834 2151 916 2207 (lubio
939 2153 1054 2207 erravit:
1077 2149 1147 2223 luit,
1171 2169 1254 2225 quum
1276 2170 1329 2227 ego

154 2237 334 2292 coniicerem:
365 2236 396 2304 Q.
420 2236 522 2307 eoru,
545 2235 579 2291 cle
601 2254 656 2310 quo
680 2236 767 2293 Sestii
787 2237 874 2302 amieo
897 2252 927 2291 ac
951 2235 1065 2291 sortasse
1087 2235 1177 2309 affini
1197 2238 1232 2293 cl.
1256 2236 1329 2294 Fam.

155 2321 186 2391 V,
210 2321 241 2392 6,
267 2321 301 2383 1;
327 2337 457 2394 persaepe
480 2322 550 2377 enim
574 2321 607 2390 Q.
631 2330 659 2377 et
682 2320 711 2377 C.
737 2318 792 2393 (G.)
816 2319 1031 2381 contunduntur.
1054 2351 1097 2361 -
1122 2326 1151 2379 7.
1175 2320 1279 2379 Erravit
1299 2322 1328 2399 B,

155 2422 241 2478 quum
267 2413 356 2461 toturn
382 2406 449 2462 lianc
473 2406 491 2476 S
513 2415 578 2479 post
601 2406 694 2463 1--6
719 2405 772 2477 (XV
794 2404 826 2462 tt.
850 2403 936 2479 liert.)
960 2408 1087 2479 scriptam
1111 2423 1171 2463 esse
1193 2406 1330 2481 signitica-

155 2492 204 2546 vit.
245 2488 357 2561 „Pridie
380 2531 412 2545 ..
436 2506 508 2547 eram
531 2489 717 2547 coenaturus“
739 2492 868 2564 scriptum
892 2507 961 2560 esse,
986 2508 1040 2547 non
1062 2491 1107 2547 XV
1122 2491 1152 2547 ΙΙ.
1171 2491 1258 2563 liert,
1281 2492 1329 2548 secl

155 2591 198 2647 pr.
223 2574 262 2630 ΙιΙ.
288 2573 364 2629 Febr.
389 2591 420 2630 ex
443 2578 551 2648 scripsi
572 2585 599 2631 et
622 2593 702 2633 erem
724 2592 805 2632 coen.
836 2574 912 2631 lacile
940 2576 1102 2650 intelligitur
1131 2574 1265 2652 (alioquin
1288 2576 1329 2632 Ci-

157 2676 221 2715 cero
245 2658 401 2732 scripsisset
424 2665 602 2732 scripseram
624 2669 652 2716 et
674 2655 820 2734 coenari);
844 2668 932 2715 cetera
957 2677 1022 2715 vero
1045 2660 1141 2717 eodem
1164 2661 1207 2718 die
1229 2663 1329 2735 scripta

156 2743 275 2799 cleclarat
304 2745 393 2816 ipsum
422 2752 537 2816 cetera,
566 2745 600 2805 cl.
623 2745 695 2804 ram.
719 2744 744 2816 Ι,
768 2745 803 2815 2,
826 2744 845 2799 4
875 2744 973 2814 „Haec
1000 2746 1094 2819 scripsi
1121 2763 1144 2801 e.
1166 2747 1196 2803 d.
1219 2746 1274 2803 XVI
1295 2745 1327 2803 ll.

156 2827 236 2883 reor.
261 2821 344 2883 a.'l.:
368 2845 400 2884 eo
423 2829 466 2884 die
489 2847 512 2884 s.
537 2838 595 2885 erat
616 2829 735 2885 iuturus.
758 2828 812 2885 Nos
830 2871 860 2884 ..
883 2827 1063 2902 providebo“.
1101 2829 1222 2902 Scilicet,
1245 2848 1328 2904 quum

157 2930 199 2986 pr.
223 2913 260 2967 tt.
285 2929 340 2969 non
363 2923 446 2984 esset,
467 2916 511 2970 cui
534 2914 648 2988 epistole
671 2913 790 2985 daretur,
813 2912 982 2986 subscriptus
1004 2916 1027 2969 is
1050 2914 1107 2970 dies
1130 2923 1182 2984 est,
1206 2933 1261 2989 quo
1283 2915 1328 2972 de·

157 3014 229 3053 mum
253 2996 315 3066 init,
340 2999 386 3071 qni
408 3015 465 3054 erm
489 2998 520 3054 ari
545 3003 656 3055 tratrem
679 2998 828 3072 perterret:
851 2998 884 3053 cl.
910 2997 959 3068 ΙΙΙ,
983 3000 1012 3068 1,
1036 2997 1066 3071 8,
1088 3002 1144 3055 lltt.
1169 3000 1200 3069 ΙΙ,
1226 2999 1274 3071 12,
1297 2999 1333 3069 4,,

156 3083 194 3152 X,
222 3082 278 3150 11,
304 3082 338 3153 1.,
361 3082 415 3154 ΙΙΙ,
440 3084 495 3153 18,
518 3102 542 3154 ιι,
568 3085 595 3140 l.
640 3082 692 3138 Secl
716 3083 785 3153 vide,
808 3099 842 3140 ne
864 3082 958 3139 Cicero
981 3091 1043 3140 ante
1065 3085 1097 3140 X
1104 3084 1135 3140 V.
1158 3085 1196 3143 K.
1220 3084 1258 3141 M.
1283 3085 1328 3141 acl·

157 3168 255 3224 stiterit
282 3168 337 3237 D..
365 3183 421 3242 qno
450 3169 526 3224 datae
555 3167 685 3242 epistolae
712 3168 782 3224 diem
810 3186 824 3223 a
852 3168 968 3240 scriptas
995 3168 1038 3225 die
1067 3168 1198 3225 diversam
1227 3169 1327 3227 diserte

157 3251 340 3326 significaret,
373 3252 408 3309 el.
441 3252 513 3309 Vrm.
543 3252 611 3321 XlV‚
638 3253 670 3322 1,
695 3252 712 3308 7
743 3253 797 3323 „o
826 3270 850 3308 a.
880 3251 907 3308 d.
935 3252 976 3309 Vl.
1001 3253 1030 3309 ΙΙ.
1059 3252 1122 3310 llec.
1150 3253 1326 3327 Dyrrhachio.

157 3336 332 3409 Dyrrachium
355 3340 415 3393 veni
437 3380 467 3393 ..
491 3336 639 3407 scribam“‚
661 3352 689 3390 o:
714 3336 765 3392 llas
787 3337 891 3394 litteras
915 3345 982 3394 unte
1005 3339 1133 3409 scriptus
1163 3338 1204 3394 VI
1216 3338 1327 3395 demum

158 3419 190 3477 X.
214 3421 242 3476 ll.
266 3421 332 3477 decli
350 3421 391 3494 o,
415 3438 469 3496 quo
493 3438 628 3491 veneram,
651 3421 724 3494 qnod
742 3463 747 3475 .
765 3422 795 3477 .“
879 3442 893 3447 -

225 3554 304 3625 Ἑρ.
326 3561 359 3612 4.
375 3561 405 3612 2.
442 3557 476 3612 B:
500 3566 627 3614 ceterum
652 3553 741 3631 (sicli
764 3557 930 3631 consectum
945 3558 1049 3615 Latiar
1064 3563 1137 3613 erut.
1162 3553 1248 3631 Ἀμφ.
1278 3552 1326 3632 (sic

159 3637 338 3716 Mommsen).
382 3639 500 3698 Primum
523 3643 656 3697 incertum
679 3652 732 3713 est,
755 3650 881 3703 ceterum
897 3642 989 3698 Cicero
1006 3643 1144 3716 scripserit
1167 3637 1211 3716 (cl.
1229 3638 1324 3718 12,1)

160 3742 202 3797 an,
226 3736 255 3781 ut
278 3725 350 3783 solet
366 3721 473 3801 'et'ego
497 3726 583 3796 malo,
610 3732 758 3800 ceteroqui
779 3727 860 3799 (Fam.
883 3727 933 3797 vt,
958 3727 1007 3799 19,
1033 3728 1060 3794 1,
1084 3727 1127 3800 ΙΙΙ,
1152 3726 1204 3799 10,
1227 3727 1258 3797 4,
1280 3726 1326 3783 ubi

159 3809 202 3865 tlt
226 3819 325 3868 cetera
348 3815 406 3884 qui,
430 3813 485 3866 litt.
508 3810 563 3882 ΙΙΙΙ,
587 3810 617 3883 3,
642 3812 657 3867 1
682 3820 709 3868 et
734 3812 851 3884 14,16,
874 3811 919 3867 ulti
942 3811 985 3867 llll
1011 3820 1106 3869 cetero
1130 3815 1189 3886 qui,
1212 3811 1256 3869 ΜΞ
1280 3827 1324 3871 ce·

160 3903 220 3951 tero
243 3890 357 3971 quom),
380 3895 452 3965 XVI,
475 3894 511 3966 4,
535 3896 570 3967 1,
594 3896 638 3952 ubi
659 3895 703 3950 Mt
729 3905 895 3970 ceteroque,
920 3896 963 3951 lli
987 3905 1087 3955 cetere
1110 3914 1181 3971 que,
1206 3897 1249 3952 Or.
1274 3896 1325 3966 83,

161 3979 203 4035 uhi
226 3990 284 4054 opt.
308 3980 350 4035 ccl.
373 3979 445 4038 Eins.
469 3989 543 4036 recte
567 3984 747 4055 ceteroquin,
777 3981 863 4039 vitel.
893 3989 1007 4050 cetero,
1030 3981 1061 4040 N.
1086 3982 1115 4038 ll.
1141 3983 1175 4051 1,
1200 3981 1255 4051 60,
1278 3979 1324 4053 ubi

160 4075 231 4120 recte
254 4083 285 4121 ex
309 4064 372 4139 aliq.
396 4064 455 4121 cclcl.
478 4072 520 4120 est
542 4069 701 4137 ceteroqui,
724 4066 767 4122 alii
790 4067 850 4123 cdd.
874 4072 975 4123 cetero
999 4084 1111 4140 quoque
1134 4067 1174 4123 vel
1196 4084 1221 4122 c.
1238 4082 1324 4140 quum

160 4183 199 4238 rel
222 4190 337 4252 ceteru3
360 4201 419 4239 narn
442 4184 501 4256 qui,
523 4200 573 4257 per
595 4192 687 4241 nomm
711 4142 748 4258 (p)
771 4183 887 4242 tortasse
908 4188 1050 4261 scriptum,
1073 4184 1159 4253 iacile,
1185 4192 1213 4241 ut
1236 4181 1281 4242 Or.
1303 4182 1322 4238 l.

161 4284 183 4322 c.
204 4269 231 4324 in
255 4270 319 4340 vu..
340 4269 377 4324 ita
399 4269 426 4326 lr.
449 4269 469 4324 l.
491 4270 519 4324 in
542 4268 567 4323 ll
589 4269 698 4339 excidit,
720 4271 791 4325 sicut
813 4289 840 4344 q.
865 4266 937 4347 (que)
961 4272 1052 4328 multis
1075 4270 1132 4325 aliis
1147 4269 1225 4337 locis,
1248 4283 1324 4341 prae·

161 4354 249 4411 sertim
280 4361 342 4409 ante
365 4371 419 4411 ceu
444 4352 519 4428 (Καὶ
540 4362 601 4410 ante
622 4354 722 4427 Korn),
751 4363 812 4410 ente
841 4357 914 4429 qnod
943 4357 1011 4412 haud
1040 4371 1101 4410 raro
1124 4353 1252 4410 omissum
1282 4360 1325 4410 est

161 4454 250 4508 queue
291 4439 392 4499 netum
413 4440 516 4496 Latiar
539 4438 667 4497 Cioerone
695 4447 740 4494 aut
763 4441 904 4513 quisquam
933 4442 989 4498 eins
1017 4439 1114 4496 aetatis
1138 4438 1254 4510 scriptor
1275 4454 1324 4511 pro

208 4568 394 4619 Wesenberg,
413 4580 465 4609 nnn.
482 4567 532 4608 orit.
1108 4554 1124 4605 ὁ
