3256 5104
257 401 276 466 8
559 388 702 470 Epistolae
719 405 753 454 ad
769 387 938 465 Familiares.
975 404 1058 453 Liber
1075 402 1122 457 IV.

257 562 418 633 molestiam,
442 560 553 635 quod“,
577 560 621 617 ubi
645 561 683 616 ll:
706 577 789 635 quem
810 576 840 615 s:
863 580 957 634 quom,
980 561 1033 629 Vll,
1059 560 1107 629 15,
1131 561 1160 631 2,
1183 560 1228 616 ulti
1250 560 1274 615 ΙΙ
1282 580 1287 613 :
1312 561 1426 630 „Quom

258 647 297 717 (οι
321 645 420 716 Quom)
443 688 474 702 ..
498 647 609 714 venisti,
634 689 666 702 ..
691 644 842 719 ςιιιιιΙιιιιιιιιι
866 665 915 720 pro
940 647 1021 715 Quod
1044 688 1075 702 ..
1099 665 1138 717 o,
1164 689 1196 701 ..
1219 665 1264 719 p,
1293 644 1342 700 alia
1365 661 1426 719 per·

258 731 352 787 multa.

340 818 403 885 up.
432 820 464 872 4.
492 820 522 873 2.
568 815 669 889 Vulgo:
700 812 834 887 opinatus
862 806 910 872 sis}
956 815 1028 889 Ego:
1052 836 1076 871 o.
1100 832 1178 872 esses
1206 815 1258 887 (sc.
1282 823 1425 889 antequam

258 917 301 956 rcs
324 898 393 956 sacta
415 900 484 975 est);
507 909 580 956 recta
602 901 672 955 enim
695 901 817 956 oratione
832 902 985 974 scripsisset
1001 899 1108 956 Cicero:
1130 900 1238 971 „Aliter
1260 900 1357 956 accidit
1372 917 1425 970 res,

259 993 340 1059 atque
363 1002 389 1040 o.
413 985 516 1042 ι’νιιιιύι
541 981 605 1058 (ιιοιι
629 983 711 1057 som),
735 985 916 1056 ot.V‚19,1
940 992 1086 1057 putasses,
1111 985 1153 1056 ΙΙΙ,
1179 986 1260 1055 11,1
1285 993 1426 1056 portasset,

258 1070 312 1140 XV,
337 1070 387 1139 16,
411 1061 443 1141 3,
465 1070 510 1126 ubi
533 1070 560 1125 B.
585 1085 617 1125 ex
640 1086 698 1126 mea
721 1069 790 1140 conj.
813 1077 951 1142 putorem
973 1088 1023 1143 pro
1044 1074 1184 1141 putarim,
1210 1077 1292 1143 atque
1315 1071 1425 1126 omnino

258 1154 291 1211 de
312 1162 460 1227 putaram,
484 1163 547 1211 cett.
572 1153 628 1210 Em.
652 1172 679 1228 p.
704 1154 839 1212 2749.
883 1154 988 1210 Omisso
1011 1172 1042 1211 es
1065 1165 1128 1228 post
1149 1171 1184 1211 us
1206 1171 1237 1210 ex
1260 1170 1305 1211 ses
1328 1155 1426 1210 lactum

259 1249 301 1295 est
322 1245 371 1296 sis.
406 1271 448 1280 —
480 1244 512 1296 4.
542 1240 646 1312 Vulgo:
674 1248 700 1295 et
723 1259 751 1295 o.
774 1245 940 1299 maturitate
969 1248 996 1295 et
1019 1240 1063 1295 bis
1086 1247 1244 1312 temporum
1268 1243 1354 1305 vitiis,
1385 1248 1424 1295 ut.

258 1323 316 1398 Ego
339 1326 435 1398 scripsi
458 1328 493 1380 iis
515 1342 568 1397 pro
587 1325 632 1381 dis
656 1324 696 1398 (ιιι
719 1324 743 1378 Μ
766 1341 873 1398 semper
895 1342 945 1397 pro
968 1329 1002 1381 iis
1030 1332 1112 1405 astque
1140 1323 1207 1380 adeo
1230 1341 1309 1397 saepe
1331 1341 1381 1397 pro
1404 1329 1428 1380 is

259 1408 377 1479 scribit),
400 1424 429 1462 a:
453 1418 480 1464 et
504 1408 537 1464 ob
560 1426 583 1464 a.
607 1411 787 1464 maturitatem
803 1418 830 1464 et
846 1412 907 1482 quia
923 1425 957 1464 co
974 1418 1038 1464 sunt
1054 1421 1072 1464 t.
1090 1410 1167 1480 vitia,
1192 1416 1235 1479 ot,
1260 1407 1330 1464 cta
1353 1408 1426 1480 „Res
1492 1418 1496 1420 ’

259 1502 323 1549 suut
346 1496 499 1565 eiusmodi,
522 1502 553 1550 ut
577 1536 583 1548 .
604 1536 610 1547 .
634 1491 760 1567 possit“,
789 1494 824 1564 6,
850 1495 864 1549 1
896 1497 959 1565 „iis
982 1493 1016 1568 (ΙΙ
1039 1488 1094 1566 bis)
1119 1492 1284 1566 temporibus
1308 1494 1428 1563 suerunt,

260 1587 290 1634 ut
315 1620 346 1634 ..
370 1577 598 1646 consolaretur“;
622 1595 710 1652 neque
733 1579 802 1633 enirn
825 1586 856 1635 ot
876 1583 977 1650 possit,
1001 1588 1030 1633 ut
1053 1577 1082 1632 L.
1110 1577 1200 1649 1584,
1224 1579 1269 1650 qui
1293 1586 1357 1651 post
1384 1586 1428 1634 to·

261 1679 322 1719 men
339 1663 439 1719 addidit
454 1667 504 1732 ito,
521 1663 619 1736 aliique
636 1671 776 1736 putarunt,
800 1680 831 1718 ex
855 1664 930 1734 „troc
953 1707 959 1718 .
979 1705 985 1717 .
1007 1661 1193 1737 ingravescit“
1217 1663 1325 1736 pendet.
1362 1663 1392 1735 3,
1409 1664 1427 1720 3

262 1750 328 1819 „bis
350 1765 373 1803 r.
398 1748 566 1822 temporibus
591 1789 648 1804 ...
673 1747 753 1821 aeq.“
776 1758 818 1803 est
839 1770 882 1797 =
904 1749 969 1805 haee
993 1765 1056 1803 vero
1081 1756 1202 1819 tempora
1230 1764 1265 1804 eo
1289 1757 1368 1820 suut,
1398 1755 1429 1805 ut

261 1832 334 1889 nulla
358 1849 401 1889 res
425 1833 474 1889 alia
497 1833 585 1889 levare
608 1834 723 1888 animum
744 1833 876 1889 molestiis
898 1835 995 1906 possit.

344 1936 406 2004 Ep.
428 1939 458 1991 6.
481 1939 511 1990 2.
556 1934 668 1991 Videtur
690 1935 754 1990 milri
777 1932 954 2005 „manebat“
977 1933 1131 2007 postulare,
1160 1944 1190 1989 ut
1213 1936 1284 1989 iuter
1306 1937 1429 2008 quadri

262 2029 392 2091 ereptum
414 2018 529 2075 addatur
551 2038 638 2076 nunc.
671 2018 741 2075 lnira
764 2036 797 2074 ex
820 2020 862 2074 ΙΙΙ
888 2021 997 2092 scripsi:
1021 2035 1103 2092 quem
1125 2015 1144 2090 †
1167 2021 1206 2074 od
1226 2034 1309 2090 rep.
1334 2023 1429 2091 copie,

261 2109 398 2176 incertus,
427 2107 465 2160 od
487 2122 518 2159 ex
541 2106 682 2178 superiore
705 2107 772 2174 „od
792 2121 849 2159 rem
872 2103 928 2177 p.“
958 2105 1103 2177 repetitum
1132 2111 1222 2158 utrum
1252 2103 1386 2177 expulerit
1414 2121 1429 2159 c

263 2190 301 2259 (Ιι.
324 2207 354 2244 ex
377 2189 406 2245 t.
429 2193 514 2259 coup:
538 2207 553 2244 e
577 2206 609 2244 re
630 2185 671 2263 p.)
695 2206 738 2257 an,
763 2189 845 2261 quod,
860 2190 913 2244 veri
938 2187 1050 2243 similius
1074 2195 1125 2260 est,
1148 2188 1306 2261 simpliciter
1327 2190 1364 2243 sit
1384 2189 1429 2243 ad-

262 2276 346 2330 ditum
376 2273 420 2345 (cl.
444 2276 515 2329 enim
539 2292 600 2329 aun.
625 2273 656 2327 ad
680 2273 698 2343 l,
723 2273 753 2343 6,
779 2274 815 2344 Ι).
860 2273 904 2328 ll2
928 2272 1036 2345 scripsit
1059 2292 1076 2326 o
1101 2289 1133 2328 re
1154 2291 1200 2344 p,
1231 2275 1343 2345 opinor,
1368 2276 1429 2346 quia

262 2377 343 2433 supra
365 2368 407 2416 est
429 2378 468 2431 „o
492 2376 525 2415 re
544 2377 575 2430 p.
600 2357 762 2413 uraestum“.
787 2388 828 2398 -
850 2362 881 2414 3.
906 2357 993 2430 Vulgo
1014 2374 1045 2412 ex
1062 2357 1129 2413 Viet.
1147 2356 1234 2427 conj.:
1257 2362 1348 2415 motor
1363 2361 1431 2414 auidi

262 2447 382 2511 leoeti03
410 2460 461 2514 ego
491 2452 518 2497 et
541 2442 662 2499 Klotzius
685 2459 717 2497 eu
745 2459 794 2512 eo,
823 2442 896 2516 quod
919 2450 961 2497 est
982 2443 1010 2497 in
1033 2441 1073 2509 ΙΙ,
1101 2461 1135 2497 m.
1160 2443 1228 2498 olibi
1255 2447 1329 2500 cotio
1353 2445 1429 2513 mitt,

262 2529 375 2584 fecimus
397 2547 432 2583 m.
456 2531 529 2584 etaim
551 2530 603 2584 leo.
627 2528 704 2598 mibi,
727 2527 767 2581 sic
789 2529 859 2582 enirn
883 2544 979 2598 causa,
1003 2543 1051 2582 cur
1067 2527 1214 2600 Sulpicium
1238 2527 1328 2584 videre
1351 2544 1429 2600 quarn
1486 2582 1490 2589 ,

263 2614 377 2687 primurn
393 2614 493 2685 cupiat,
516 2613 620 2685 planius
645 2611 702 2685 (per
721 2613 902 2684 parenthesin,
928 2628 1006 2684 quam
1030 2628 1082 2685 ego
1105 2610 1204 2684 notavi)
1229 2613 1299 2667 iuter
1321 2615 1430 2668 senten·

262 2700 324 2753 tiam
352 2706 502 2753 correctam
531 2698 643 2768 eiusque
675 2697 870 2751 correctionem
898 2698 1092 2769 interponitur.
1144 2696 1300 2752 Abertando
1328 2697 1360 2751 ad
1388 2715 1429 2770 sq.

263 2801 331 2855 mibi
351 2796 382 2854 ex
407 2780 484 2855 Edi
500 2798 576 2854 iacile
599 2805 691 2853 natum
714 2805 756 2852 est
777 2797 828 2853 MI
849 2797 944 2869 (milti).

347 2904 408 2970 Ep.
430 2905 460 2959 7.
483 2906 513 2958 6.
558 2900 659 2973 Vulgo:
682 2900 829 2956 tutemus.
854 2900 965 2956 Grotio.
1002 2899 1074 2974 Ego:
1097 2902 1138 2970 a,
1160 2919 1220 2973 pr.;
1244 2900 1343 2974 pendet
1360 2903 1430 2957 enirn

264 2988 342 3045 etiam
363 3005 407 3059 pr.
432 3028 461 3041 ..
487 2989 553 3042 victi
576 2981 627 3058 (=
651 3002 692 3039 rr.
716 2992 811 3041 autem
914 2982 950 3062 v.)
975 3002 1006 3040 ex
1030 2988 1114 3056 pared.

347 3090 408 3157 Ep.
431 3092 461 3143 9.
483 3091 512 3142 2.
558 3086 659 3157 Vulgo:
686 3104 783 3159 perc,
808 3089 885 3158 quod
906 3127 913 3139 .
937 3130 943 3141 .
967 3090 1053 3157 solet,
1083 3089 1185 3143 minsas.
1237 3085 1308 3160 Ego:
1335 3106 1365 3160 p.
1389 3118 1431 3128 -

263 3191 326 3245 q..
344 3190 368 3228 s.
386 3202 435 3244 —-,
451 3191 497 3240 m,
521 3188 575 3245 quo
598 3170 702 3226 facilius
725 3174 802 3243 quod
822 3170 955 3227 reseratur
978 3172 1009 3226 ed
1033 3191 1099 3228 eur.
1115 3187 1215 3243 perc,
1239 3188 1293 3227 nou
1311 3172 1342 3228 ad
1358 3175 1430 3230 idem

263 3260 345 3329 titud,
368 3256 401 3311 ad
424 3256 496 3329 quod
520 3265 558 3312 eu
575 3258 631 3328 ipsa
654 3258 789 3313 sententia
811 3255 1002 3311 assumendum
1026 3265 1068 3312 est
1083 3260 1159 3330 quod
1173 3255 1292 3331 (Romae)
1310 3260 1430 3315 videres.

264 3374 306 3384 -·
327 3347 357 3401 3.
380 3341 482 3414 Vulgo:
513 3349 579 3396 tuno
602 3357 723 3412 putoque.
769 3339 841 3415 ligo:
872 3349 929 3397 tum
953 3358 995 3412 q.;
1026 3358 1086 3396 nam
1110 3350 1178 3397 tunc
1201 3354 1214 3395 a
1238 3340 1366 3397 Cicerone
1389 3344 1432 3399 vir

264 3430 300 3483 ita
315 3425 468 3502 dicebatur,
493 3434 523 3480 ut
544 3434 615 3481 esset
635 3424 842 3482 Germanorum:
862 3424 892 3486 in
907 3424 1002 3499 bicisus
1017 3420 1104 3498 {lobs
1143 3426 1287 3497 Adhaesit,
1312 3434 1341 3482 ιιι
1356 3426 1430 3499 alibi,

265 3530 280 3568 o
302 3529 334 3566 ex
349 3528 390 3583 sq.
415 3506 661 3584 qipronunciaudo
677 3535 718 3556 =
741 3528 768 3580 e,
792 3510 824 3565 cl.
843 3514 972 3581 acquiro,
989 3510 1044 3583 al).
1070 3541 1108 3550 -
1132 3515 1164 3578 4,
1187 3510 1232 3567 ubi
1247 3510 1275 3566 tt.
1301 3528 1333 3566 eu
1349 3511 1430 3568 lleus.

264 3597 350 3667 eonj.:
381 3596 610 3667 stultum'nolie,
639 3612 691 3669 ego
714 3613 768 3651 non
792 3611 873 3651 ausus
896 3612 955 3650 sum
978 3604 1099 3667 mutare,
1129 3595 1200 3670 quod
1226 3595 1249 3650 ll
1272 3596 1366 3668 habet,
1396 3606 1430 3654 st.

265 3689 308 3737 est
330 3698 373 3740 n.:
397 3682 506 3736 variavit
529 3682 598 3737 enirn
615 3680 707 3736 Cicero
731 3682 841 3736 tertium
864 3679 1028 3751 membrum,
1053 3698 1136 3754 quum
1158 3680 1289 3737 scriberet
1303 3684 1431 3755 stultam,
1518 3742 1525 3749 ,

265 3783 319 3822 ιιοιι
343 3769 434 3835 stulti,
459 3782 509 3820 nec
532 3766 641 3820 omnino
659 3765 710 3820 lroc
733 3764 866 3839 prioribus
890 3763 996 3820 duobus
1019 3765 1074 3836 („si
1093 3769 1234 3839 ..mopsi
1249 3770 1339 3822 animi
1353 3807 1381 3824 ..
1398 3785 1431 3823 nc

264 3852 384 3924 superbi
405 3859 432 3905 et
455 3852 498 3921 „si
521 3852 661 3921 sapientis
677 3892 683 3904 .
699 3893 704 3904 .
722 3846 820 3922 duri“)
845 3865 978 3922 exaequo
994 3851 1151 3924 respondet,
1174 3852 1299 3923 quoniam
1315 3855 1432 3909 stultum

265 3953 319 3991 non
343 3934 432 4004 habet,
451 3936 498 3995 ¹cui
521 3936 556 3989 sit
579 3936 752 3991 contrarium.
791 3934 855 4005 Sed,
877 3938 899 3989 sl
923 3934 1069 4008 quidquam
1092 3943 1164 3992 esset
1188 3935 1355 4006 mutandum,
1379 3954 1431 4012 ogo

265 4037 297 4076 es
320 4027 363 4076 est
387 4015 422 4094 (st
445 4028 508 4093 post
530 4019 567 4091 m)
590 4018 695 4074 mallens
720 4020 806 4075 lacere
829 4023 865 4075 sit
888 4036 968 4092 quam
991 4020 1090 4076 delere.

348 4123 410 4190 Ep.
435 4125 484 4178 11.
508 4125 553 4183 1„
582 4120 691 4177 Fuitne:
715 4130 770 4191 „te
793 4139 854 4195 cup.
878 4124 930 4177 mei
952 4138 1015 4179 esse
1043 4121 1142 4194 (sicin
1165 4122 1208 4177 od.
1232 4138 1290 4179 rnea
1312 4124 1432 4181 scriben-

265 4206 329 4262 dum
352 4205 411 4276 luit,
436 4223 490 4261 non
511 4202 616 4281 fuisse)
639 4205 751 4279 sing.“?
796 4206 907 4262 Videtur
930 4207 970 4263 vel
994 4207 1063 4282 apud
1082 4205 1235 4262 Marcellum
1257 4209 1432 4283 inaequalitas

265 4291 455 4365 copulatorum
479 4290 660 4347 membrorum
684 4289 723 4365 (1,
747 4299 774 4346 te
796 4308 858 4365 cup.
882 4309 975 4366 cogn„
999 4293 1033 4363 2,
1057 4301 1083 4347 tc
1106 4292 1175 4364 sing.
1201 4308 1236 4347 ιιι.
1260 4291 1284 4349 b.
1306 4299 1432 4366 praesti·

265 4372 343 4450 tisse)
367 4375 458 4448 paullo
481 4376 589 4443 durior;
618 4374 740 4432 excidere
768 4375 875 4449 quidem
898 4378 969 4433 inter
991 4381 1046 4434 mei
1072 4384 1100 4431 et
1128 4391 1142 4431 s
1164 4374 1243 4433 laeile
1265 4381 1354 4451 potuit
1377 4380 1432 4441 ese.

350 4462 411 4529 Ep.
436 4464 485 4517 12.
510 4461 538 4517 1.
575 4460 602 4516 Β.
628 4477 660 4516 ex
683 4458 876 4518 violentissima
892 4459 922 4518 L.
939 4463 1026 4533 coni:
1051 4465 1139 4518 visum
1156 4467 1199 4516 est
1219 4458 1431 4539 [faciendum],
