3262 5106
292 379 333 444 92
596 384 781 451 Epistolorurn
801 384 837 435 od
854 385 985 437 Atticum.
1021 385 1105 436 Liber
1123 385 1160 436 11.
1254 464 1257 469 .

292 544 385 596 arnaria
410 535 454 616 (cl.
479 541 512 597 rla
536 540 629 598 iisrlern
653 543 715 599 vicis
738 543 789 615 22,
813 537 858 617 6);
886 543 937 597 etsi
968 544 1047 598 etiaur
1075 541 1134 612 Vll,
1160 540 1213 612 12,
1238 544 1256 599 3
1286 547 1336 616 qni
1362 551 1462 600 tenent
1571 581 1579 590 ·

291 624 410 699 elliptice
431 626 532 683 dictum
555 634 611 696 est;
634 627 681 683 sed
705 627 740 683 ibi
762 626 856 683 Cicero
879 629 936 701 ipse
959 626 1116 701 explicando
1139 626 1212 683 addit
1234 632 1284 701 qai
1295 632 1460 700 potiuntur,

291 724 320 765 o:
344 708 523 786 nantuato
537 711 609 786 linb,
626 711 659 769 ci.
685 711 756 768 Fam.
773 711 820 781 lb,
838 711 872 780 6,
890 712 919 768 3.
964 711 1063 768 Audire
1085 729 1138 769 nos
1154 729 1184 768 er
1208 712 1294 769 multo
1316 715 1461 786 superiore

292 803 421 852 tenemur
442 797 484 851 vix
508 796 580 853 licet.
606 827 644 836 -
667 800 696 853 3.
722 796 807 870 Vulgo
831 813 862 852 ex
885 795 942 868 tte,
964 795 1055 852 Rlacl:
1080 812 1173 870 neque
1195 804 1289 854 tamen
1311 802 1366 854 scil
1381 802 1460 871 qais-

291 898 385 952 quam.
414 878 483 948 Quid
502 882 553 937 boc
570 881 630 937 esti
667 880 748 936 Estne
765 880 973 938 Germanorum:
996 881 1053 942 unb
1070 880 1184 957 bennocb
1200 880 1340 956 merwel&
1356 889 1385 944 ed
1409 881 1459 956 (sc.

292 964 325 1025 ab
341 962 376 1040 id
392 972 422 1027 ed
436 963 506 1042 nidd
526 964 596 1043 idun
615 963 728 1038 tterlcli
762 964 815 1020 Sed
837 965 916 1036 ride,
931 982 965 1021 ne
987 967 1014 1021 Ιιι
1037 982 1081 1035 eo,
1104 965 1177 1040 quod
1202 965 1245 1022 bil
1270 964 1360 1036 habet,
1383 986 1412 1024 n.
1438 976 1458 1024 t.

291 1053 327 1105 sit
349 1052 402 1106 scit
424 1069 451 1123 q.
476 1049 575 1123 aliquid
598 1050 696 1120 lateat,
719 1057 748 1105 ut
769 1068 796 1106 n.
821 1057 858 1121 t.,
881 1053 951 1124 qnid
961 1050 1097 1122 faturum
1116 1054 1167 1121 sit,
1188 1055 1242 1108 scit
1264 1071 1292 1125 q·
1316 1050 1383 1125 (uttb
1398 1051 1459 1129 bod)
1530 1080 1537 1097 ·

291 1131 360 1209 tasin
386 1133 414 1210 ia
434 1132 572 1196 lliemonb
598 1134 709 1212 norbet,
735 1141 796 1196 ttae
822 1134 956 1213 paldeben
978 1131 1084 1208 necle).
1130 1135 1254 1191 Ceterum
1284 1152 1339 1192 noo
1362 1138 1458 1193 inscita

291 1218 382 1276 (trellii
404 1218 477 1289 conj.
501 1229 556 1275 est:
579 1224 656 1289 scio,
685 1222 755 1293 qnid
781 1236 890 1293 sequar
913 1218 999 1290 (Scb.:
1017 1223 1098 1291 scio,
1127 1222 1197 1293 quid
1217 1240 1318 1294 apam3
1341 1221 1459 1277 debebat

290 1312 363 1359 certe
386 1320 445 1359 esse
465 1302 597 1376 faciam).
632 1335 669 1344 -
706 1309 739 1360 4.
762 1304 790 1361 B.
814 1322 845 1360 cx
868 1303 973 1361 Mulieri
996 1303 1084 1376 conj.:
1108 1307 1207 1361 vellem
1229 1321 1280 1380 eqo
1304 1308 1348 1363 ael
1370 1322 1460 1377 cape·

291 1404 361 1458 rem,
385 1387 448 1445 coll.
469 1385 503 1458 tt,
529 1379 576 1459 16,
604 1389 637 1457 13
660 1388 709 1445 scd
733 1387 768 1445 ibi
792 1391 906 1462 primurn
929 1396 983 1444 est:
1014 1388 1158 1459 „volebam
1180 1408 1205 1446 a.
1228 1390 1269 1446 vel
1291 1394 1390 1462 potins
1411 1408 1460 1447 cu·

291 1471 433 1544 piebarn“,
455 1471 552 1529 deinde
575 1489 642 1544 cup·
666 1470 816 1550 (absitate)
840 1474 927 1529 minus
951 1472 1077 1547 quiddam
1100 1482 1143 1529 est
1158 1490 1237 1548 quam
1257 1478 1311 1532 acl.
1335 1471 1457 1549 (nolite).
1552 1544 1558 1553 ¹

281 1554 348 1630 Ego
370 1573 401 1611 cx
425 1558 497 1613 arob.
521 1576 545 1614 a.
568 1554 587 1629 †
610 1573 694 1631 eqooe
717 1574 754 1628 c.,
779 1574 861 1631 quarm
884 1559 947 1613 mibi
971 1559 1055 1631 magis
1079 1557 1240 1632 probaretur
1254 1561 1388 1616 correctio
1412 1560 1457 1619 ed.

291 1640 384 1696 Minut.
410 1636 485 1715 laeli:
514 1661 537 1699 a.
562 1659 613 1716 eqo
636 1650 663 1697 el
686 1658 711 1697 c.
757 1641 817 1713 Sic,
845 1652 875 1697 ut
903 1642 959 1698 lere
986 1659 1153 1717 synonyma,
1181 1644 1300 1717 copulari
1324 1661 1458 1719 persaepe

291 1728 361 1782 aelle
383 1733 411 1780 et
433 1741 556 1798 cupere,
580 1746 604 1784 a.
628 1735 656 1782 et
678 1735 781 1797 optare
803 1727 972 1782 notissimum
995 1735 1052 1795 est3
1084 1726 1207 1784 librarius
1230 1745 1293 1785 vero
1317 1729 1352 1785 ob
1383 1731 1458 1787 Vtat-

289 1813 344 1866 lem
367 1826 416 1883 pro
440 1817 467 1867 et
490 1809 565 1868 tacite
589 1813 679 1885 potuit
701 1810 817 1868 scribere
849 1813 906 1868 VE.
951 1812 991 1867 Αιι
1014 1810 1107 1868 Cicero
1130 1814 1252 1886 scripsit:
1275 1832 1301 1871 a.
1324 1817 1457 1886 equidem

290 1903 317 1950 cl
340 1911 378 1965 c.,
402 1902 431 1950 ut
454 1895 486 1951 ad
509 1899 637 1970 equidem
652 1895 815 1970 respondeat
835 1913 876 1968 sq.
901 1897 1028 1965 „sedita
1052 1905 1079 1952 te
1100 1913 1180 1970 para,
1204 1905 1234 1952 ut
1249 1939 1280 1955 ..
1303 1895 1459 1955 advoles“?

289 1979 324 2036 ci.
351 1979 400 2050 19,
423 1980 453 2051 3,
475 1979 526 2044 ab:
549 1983 577 2036 in
601 2000 626 2037 a.
652 1997 703 2055 eqo
725 1981 796 2037 enirn
819 1979 938 2036 abundat
960 1997 1019 2054 eqo.
1102 2036 1110 2053 ,

373 2066 435 2134 Ep.
459 2069 508 2123 19.
533 2070 561 2122 1.
607 2065 709 2140 Vulgo:
738 2068 941 2137 intenduntur,
971 2073 999 2121 el
1022 2081 1103 2123 senc.
1131 2077 1214 2137 sant,
1242 2067 1269 2122 td
1298 2067 1371 2142 quad
1400 2075 1457 2124 est:

289 2149 402 2219 „Multa
419 2166 461 2205 ute
478 2150 625 2206 sollicitant
644 2192 651 2206 .
669 2193 675 2205 .
695 2158 723 2206 et
740 2158 880 2207 sexcenta
904 2146 947 2224 (οε
959 2146 1121 2229 peimrrlta)
1134 2152 1239 2207 sunt“!
1269 2151 1362 2209 Cicero
1381 2163 1458 2210 certe

289 2234 414 2291 dixisset:
438 2235 586 2292 Sescenta
603 2252 646 2291 me
662 2237 725 2291 soll.
771 2232 842 2309 Ego:
865 2240 916 2291 int.
940 2242 967 2291 et
989 2251 1012 2291 s.
1029 2252 1070 2306 s.,
1092 2245 1123 2292 ut
1146 2252 1227 2293 senc.
1250 2252 1273 2292 s.
1297 2237 1331 2293 de
1353 2240 1458 2311 praeci·

289 2320 350 2392 pruis
372 2318 510 2375 Ciceronis
533 2320 661 2394 periculis
685 2314 778 2391 („iis,
801 2336 827 2393 q.
852 2337 887 2374 ιιι.
911 2321 927 2374 i.
951 2316 1038 2394 int.“)
1061 2319 1162 2377 dictum
1185 2322 1230 2377 sit.
1276 2321 1394 2381 Sedrvel
1417 2324 1458 2379 sio

289 2403 385 2459 ruelins
407 2412 465 2459 erat
486 2406 542 2460 sire
564 2406 632 2460 int:
659 2421 683 2461 s.
708 2420 747 2478 s,
769 2406 821 2461 sed
849 2402 894 2479 (ιιι
917 2412 944 2461 et
966 2421 997 2459 ex
1020 2405 1207 2479 superioribus
1229 2407 1266 2461 sit
1287 2405 1457 2480 repetitum),

289 2490 355 2558 sive,
378 2496 409 2543 ut
432 2488 517 2544 voluit
538 2487 612 2559 liro,
635 2493 671 2544 i..·
700 2504 735 2544 ea
759 2505 782 2545 s.
806 2505 844 2559 s,
867 2491 926 2545 sed.
961 2520 1000 2532 v
1033 2489 1138 2564 Vulgo:
1167 2507 1204 2547 ne
1225 2495 1319 2548 irasci
1336 2508 1457 2562 passum

290 2575 417 2646 quidem,
444 2588 474 2627 o:
503 2589 556 2628 non
581 2572 661 2629 modo
684 2601 725 2612 -
747 2575 816 2646 qaid
833 2574 969 2647 laceret,
997 2573 1045 2629 sed
1067 2591 1101 2631 ne
1122 2575 1141 2630 i.
1166 2593 1193 2648 q.
1217 2577 1261 2649 p.!
1292 2593 1456 2650 quamquam

288 2660 315 2712 in
339 2670 396 2712 eam
419 2658 581 2714 sententiam
603 2659 705 2714 rectius
732 2666 789 2713 erat
811 2674 849 2715 ne
871 2663 889 2715 i.
914 2678 940 2732 q.
961 2677 1012 2730 μ,
1040 2668 1070 2714 ut
1093 2658 1179 2716 voluit
1201 2659 1269 2716 Mau.
1315 2659 1389 2735 Ego:
1419 2664 1454 2718 ir.

289 2757 326 2797 ne
342 2740 374 2814 p.
399 2760 437 2815 q.‚
459 2757 488 2796 οι
511 2759 566 2799 non
589 2742 669 2798 modo
692 2761 748 2799 non
772 2747 895 2815 irascor,
918 2742 966 2799 sed
989 2758 1023 2798 ue
1045 2760 1071 2817 p.
1096 2761 1122 2818 q.
1146 2746 1238 2800 irasci:
1261 2747 1301 2801 sic
1323 2754 1396 2801 recte
1412 2763 1457 2802 se·

205 2821 213 2829 ⁴
290 2827 396 2900 quitur:
426 2835 536 2884 lantum
565 2831 654 2885 doleo.
700 2827 736 2883 lle
765 2826 1019 2902 transpositionibus
1052 2828 1190 2903 archetypi
1218 2829 1394 2903 epistolarum
1422 2831 1454 2887 ad

290 2914 407 2967 Atticum
429 2912 458 2969 cl
486 2910 543 2968 Em.
568 2932 595 2986 p.
621 2913 669 2968 11.
693 2943 734 2953 -
757 2912 855 2968 Deinde
877 2914 910 2968 B:
933 2909 952 2983 Ι
977 2911 1079 2970 Cetera
1101 2917 1131 2969 'in
1153 2919 1264 2987 maqnis
1279 2916 1382 2979 rebus,-
1403 2919 1454 2972 mi-

289 3013 355 3066 atae,
378 3014 445 3071 ego:
468 2993 487 3068 †
511 2995 540 3058 G.
564 3000 594 3053 in
615 3016 650 3053 m.
676 3017 701 3054 r.
725 3016 760 3053 m.
804 2997 832 3053 Si
855 2996 921 3053 nibil
944 2997 1057 3067 excidit,
1083 3013 1152 3071 ego,
1175 3007 1207 3054 ut
1227 2998 1356 3074 Kayser„
1385 3008 1454 3074 puto

288 3081 387 3137 luisse:
412 3082 543 3138 Ceteram
564 3087 592 3138 in
616 3100 651 3138 m.
676 3101 702 3138 r.
725 3099 777 3151 m.;
799 3080 847 3138 sed
870 3081 939 3138 rnalo
961 3081 1055 3137 scribi:
1085 3082 1188 3139 Cetera
1211 3088 1240 3140 in
1263 3103 1300 3141 m.
1325 3103 1350 3140 r.
1374 3098 1453 3150 *san

288 3186 338 3236 na,
361 3174 391 3221 ut
413 3165 556 3236 exciderit,
580 3165 652 3240 quod
676 3166 710 3221 de
733 3174 832 3223 cetero
855 3165 957 3222 dietum
980 3165 1075 3222 luerit:
1099 3174 1199 3224 cetera
1222 3186 1260 3225 sc.
1284 3176 1392 3243 praeter
1415 3170 1454 3241 id,

289 3267 343 3324 qno
373 3250 466 3322 „nibil
497 3251 559 3306 mibi
588 3251 729 3307 molestius
757 3260 813 3319 est,
842 3250 956 3308 Statium
984 3268 1044 3307 esse
1070 3252 1301 3324 marrumissunr“,
1328 3253 1355 3309 id
1379 3255 1454 3328 quod

289 3333 422 3407 „mirifice
445 3334 561 3404 doieo“;
591 3334 663 3408 quod
687 3335 777 3406 deest,
812 3335 838 3391 id
868 3336 979 3391 eandem
1002 3336 1058 3392 iere
1085 3339 1245 3394 senteutiam
1268 3337 1394 3394 babuisse
1417 3341 1455 3395 vi-

288 3421 378 3493 detur,
402 3437 482 3494 quarn
498 3422 635 3494 sequitur:
656 3422 764 3478 modice
786 3435 829 3476 me
852 3428 983 3494 tanqnnt,
1006 3437 1055 3494 pro
1079 3439 1133 3495 quo
1157 3439 1209 3498 ego
1232 3425 1328 3497 scripsi
1350 3442 1385 3479 m.
1409 3441 1454 3481 me

288 3513 397 3579 anqnnt
420 3500 511 3580 (supra
526 3513 581 3561 est‘:
604 3508 760 3562 sollicitant
775 3536 814 3545 —
830 3509 975 3562 molestias
990 3513 1033 3562 est
1051 3537 1093 3546 -
1108 3506 1209 3582 doleo),
1233 3508 1268 3564 ci.
1287 3507 1337 3580 18,
1352 3507 1373 3564 4
1396 3510 1454 3580 „tte

288 3590 374 3646 Statio
397 3592 561 3647 manumisso
584 3599 611 3646 et
634 3590 772 3646 nonnullis
795 3593 862 3648 (aliis
882 3589 963 3646 rebus
985 3609 1077 3664 aaqor
1092 3590 1150 3663 e.“,
1174 3592 1216 3664 tv,
1234 3591 1284 3664 18,
1300 3593 1329 3662 2,
1352 3592 1384 3661 ΙΙ,
1401 3594 1452 3663 21,

287 3675 317 3744 4,
341 3673 372 3742 Q.
397 3673 424 3730 V.
449 3675 490 3748 ΙΙΙ,
514 3675 543 3743 3,
568 3675 583 3730 1
611 3673 665 3749 (ulti
687 3674 744 3747 Ml,
767 3673 788 3729 R
811 3676 965 3732 sollicitaT
987 3672 1169 3752 Tanqilqne),
1199 3677 1258 3733 Vin.
1283 3677 1309 3748 Ι,
1332 3676 1369 3732 41
1398 3675 1455 3752 lubi

287 3759 360 3815 arcb.
390 3767 464 3831 „aut
492 3762 649 3816 sollicitare
678 3762 765 3834 possit
786 3760 841 3816 auV
869 3758 1056 3835 Tanqere“),
1079 3760 1154 3819 brut.
1180 3761 1238 3819 331
1265 3760 1319 3832 (ubi
1344 3779 1397 3836 ego
1421 3780 1454 3819 ex

287 3843 364 3900 Corr-
386 3843 473 3914 conj.:
498 3845 563 3915 „bic
585 3861 627 3900 me
649 3843 729 3901 dolor
751 3849 838 3919 anqit‚
862 3845 928 3900 haec
949 3861 1014 3901 cura
1036 3845 1203 3916 sollicitat“,
1227 3847 1315 3902 areb:
1339 3845 1452 3922 tanqit).

287 3927 457 3995 Sollicitudo,
480 3945 553 3999 cura,
580 3929 660 3985 (lotor
682 3946 736 3985 non
757 3929 845 3985 solnm
869 3931 956 4002 tangit
977 3928 1084 4007 (tlibtt,
1106 3930 1222 4009 letneqt,
1243 3928 1381 4008 berfibtt),
1404 3932 1453 3988 sod

288 4017 367 4087 onqit
391 4009 581 4091 (bcunrnbiql,
603 4012 741 4092 dnqltiql).
769 4044 811 4054 -
847 4018 877 4070 2.
907 4014 1011 4089 Vulgo:
1041 4019 1154 4088 qnasi.
1180 4058 1186 4071 .
1212 4059 1225 4071 .
1244 4020 1384 4072 restituit:
1409 4033 1454 4074 so·

287 4098 378 4170 loece,
407 4100 521 4173 opinor,
550 4099 590 4153 vel
615 4100 637 4153 si
661 4115 758 4169 „unus
782 4141 788 4154 .
815 4138 820 4152 .
845 4097 923 4155 rem“
947 4108 977 4155 ut
1000 4116 1093 4155 versus
1115 4099 1255 4156 scribitur:
1278 4100 1371 4157 Cicero
1395 4103 1454 4157 sine

288 4183 379 4256 drabio,
402 4192 433 4239 ut
455 4183 525 4239 haud
549 4199 610 4237 raro
625 4182 697 4253 alibi,
720 4184 921 4240 accommodato
937 4184 968 4240 ad
985 4201 1059 4240 suam
1081 4186 1230 4241 orationem
1248 4202 1328 4242 rrersu
1343 4187 1454 4260 scripsit

179 4258 184 4268 '
286 4277 343 4339 aut,
367 4276 398 4324 ut
419 4266 458 4338 L,
482 4272 616 4324 restituat
637 4274 684 4323 aut
706 4272 864 4325 restitnerit
888 4265 931 4344 (de
947 4269 1045 4326 omissa
1066 4278 1130 4326 nota
1153 4286 1187 4326 er
1206 4269 1323 4345 syllabae
1343 4272 1452 4346 saepius

287 4351 357 4419 nint
385 4361 431 4409 :rut
454 4354 530 4427 quasi
553 4370 601 4423 .,ιι.
625 4351 685 4423 Ιι.“,
708 4354 754 4427 qui
781 4370 828 4424 „n.
855 4371 880 4410 c.
904 4355 1025 4411 restituit
1050 4354 1140 4415 rem“.
1180 4386 1217 4396 -
1254 4354 1357 4429 Vulgo:
1385 4363 1454 4415 utar

287 4441 343 4496 oin.
388 4437 462 4515 Ego:
483 4433 503 4512 †
526 4456 552 4495 a.
576 4456 601 4498 a.
646 4435 890 4494 Vuitautmedia
914 4456 942 4496 a.
967 4458 991 4498 a.
1015 4450 1061 4495 aut
1085 4457 1112 4498 ιι.
1136 4458 1160 4496 v.
1184 4459 1239 4512 m.;
1268 4443 1452 4517 nequeenim
