3262 5106
312 407 374 471 100
612 409 798 475 Epistularum
817 410 851 461 od
868 410 995 460 Atticum.
1031 409 1117 460 Liber
1133 408 1181 460 IV.

309 575 404 623 rarunt
418 582 448 622 se
463 565 552 623 scelus
568 567 600 622 ab
612 584 645 623 eo
657 570 828 624 commissum
840 584 926 642 poena
938 567 1049 641 dignum
1062 574 1158 642 putare
1169 581 1257 640 eoque
1272 563 1478 621 condemnando

309 651 455 726 prohibere
472 652 552 723 velle,
574 669 609 708 ne
630 654 701 709 cives
722 655 761 709 sic
777 653 975 723 occiderentur,
998 669 1086 725 neque
1107 660 1196 707 temen
1214 649 1240 706 id
1262 652 1350 723 ipsum
1372 648 1479 705 abunde

311 736 443 793 iecerunt.
473 736 556 792 Omisi
571 739 704 794 debemus
719 754 779 794 cum
795 737 922 810 perbonis
939 736 994 792 illis
1015 735 1161 806 codicibus,
1184 734 1280 809 quibus
1302 751 1358 789 nou
1379 750 1478 808 paucae

311 822 406 877 harum
428 822 605 895 epistolarum
627 823 829 878 emendationes
850 820 992 894 debentur,
1015 822 1166 877 Antoniano
1188 829 1216 876 et
1232 818 1364 875 Vaernino
1386 829 1478 892 atque,

309 914 341 962 ut
356 906 473 977 videtur,
488 907 546 962 aliis
563 907 722 981 llalespinae
737 910 797 980 ipso
813 906 964 980 probante3
986 909 1079 963 occidi
1098 922 1131 961 ex
1146 905 1209 961 Soli.
1224 903 1295 974 conj.
1315 903 1375 977 (qui
1391 913 1478 959 tamen

310 993 446 1048 debemus
466 987 608 1065 retinebat)
630 993 743 1065 scripsi;
765 1008 852 1064 neque
873 993 942 1047 enim
957 991 1025 1047 illud
1047 991 1196 1064 quaeritur,
1219 989 1282 1063 qnid
1303 989 1407 1044 iudices
1428 988 1479 1062 ipsi

310 1076 398 1132 lacere
414 1076 562 1147 noluerint,
578 1076 624 1132 sed
642 1077 703 1149 boc,
720 1077 783 1151 quid
799 1076 831 1131 ab
847 1077 904 1132 aliis
920 1076 977 1132 lieri
990 1093 1040 1132 suo
1055 1074 1154 1131 iudicio
1170 1075 1315 1130 vetuerint.
1348 1071 1436 1140 Quum
1453 1075 1479 1128 in

310 1162 422 1234 antiqno
438 1160 528 1234 aliquo
540 1161 643 1232 codice,
660 1171 690 1217 ut
708 1163 815 1235 opinor,
829 1159 977 1217 aberrando
989 1160 1021 1216 ad
1034 1159 1182 1233 facEBE,
1199 1160 1330 1232 scriptum
1343 1167 1418 1214 esset
1433 1176 1478 1215 oo·

311 1246 514 1317 crudumque
531 1245 600 1301 baud
615 1263 674 1301 raro
691 1246 790 1301 librarii
805 1248 833 1302 in
847 1247 954 1319 passivo
970 1243 1102 1301 infinitivo
1118 1253 1183 1318 post
1197 1248 1270 1314 uolo,
1285 1246 1363 1316 nolo,
1380 1243 1414 1301 al.
1431 1259 1479 1317 po·

310 1331 363 1386 sito
380 1347 429 1403 per
449 1347 478 1385 se
499 1332 558 1403 ipso
582 1330 677 1387 offensi
698 1332 813 1387 activum
835 1326 1057 1405 substituerunt),
1079 1331 1106 1384 in
1128 1346 1171 1399 eo,
1192 1346 1225 1385 ex
1245 1345 1299 1401 quo
1321 1327 1346 1382 Μ
1366 1329 1480 1401 eiusque

313 1416 421 1489 cognati
438 1414 550 1470 derivati
567 1424 641 1486 sunt,
663 1414 782 1472 additum
803 1418 937 1472 debemus
958 1424 1007 1471 est.
1031 1445 1069 1453 -
1091 1418 1120 1470 8.
1144 1413 1247 1488 Vulgo:
1264 1430 1350 1486 quum
1366 1416 1479 1469 comitio

307 1498 384 1572 fore.
422 1497 477 1571 ligo
500 1515 532 1553 ex
554 1498 592 1553 ll:
614 1518 640 1572 q.
665 1518 690 1555 c.
717 1496 786 1570 †iu
803 1500 885 1574 fore,
918 1500 984 1555 latet
1005 1498 1104 1572 aliquid
1127 1498 1153 1553 iu
1176 1497 1223 1553 illo
1246 1498 1298 1553 IN.
1344 1496 1480 1552 Vuitsine

311 1583 393 1638 dubio
410 1584 472 1654 EA,
495 1583 569 1656 quod
584 1600 668 1657 paene
684 1601 795 1640 necesse
817 1584 868 1639 icit
883 1584 953 1658 addi,
975 1601 1029 1658 quo
1051 1584 1117 1638 haec
1139 1584 1246 1638 comitia
1267 1578 1431 1657 (tribunicia)
1448 1579 1480 1635 ab

309 1667 364 1724 illis
386 1666 584 1738 consularibus,
600 1667 633 1722 de
649 1667 748 1741 quibus
764 1668 922 1740 scribiturg
940 1668 974 1740 7,
992 1668 1093 1723 facilius
1115 1667 1361 1738 distinguerentur3
1392 1666 1426 1722 cl.
1451 1664 1480 1736 7,

314 1751 364 1807 ubi
386 1750 526 1827 Mbtpqq,
547 1752 664 1825 Bessan,
685 1752 777 1809 Ambe.
797 1753 849 1812 16:
872 1755 923 1810 Eu
943 1757 1056 1810 canutio
1080 1749 1230 1829 (comitiis),
1251 1750 1334 1826 vulgo
1350 1761 1427 1808 recte
1449 1767 1480 1806 ex

309 1834 378 1897 Man.
401 1836 486 1909 oonj.:
508 1838 553 1893 Eu
570 1855 595 1893 c.
1028 1864 1031 1867 ·

394 1925 456 1991 Ep.
481 1926 529 1979 16.
552 1927 583 1977 2.
630 1920 732 1978 Excidit
752 1923 824 1979 inter
844 1922 943 1979 esSeT
960 1929 988 1977 et
1009 1920 1110 1978 HAnO
1127 1920 1188 1977 iTA
1210 1920 1251 1976 vel
1273 1920 1342 1989 8503
1365 1922 1392 1977 in
1409 1921 1481 1976 eius·

310 2005 384 2062 modi
404 2008 474 2063 enim
497 2006 757 2081 comparationibm,
786 2008 946 2082 praesertim
967 2022 1080 2079 quarum
1101 2007 1176 2078 prius
1199 2003 1347 2060 membrum
1369 2005 1480 2080 longius

312 2092 358 2161 sit,
381 2091 621 2147 demonstrativum
644 2091 798 2147 adverbium
821 2108 943 2165 semper,
965 2098 1078 2165 puto,'a
1100 2089 1229 2146 Cicerone
1250 2092 1314 2163 poni
1335 2090 1417 2168 solet.
1440 2119 1480 2130 -

310 2181 343 2232 4.
360 2175 463 2251 Vulgo:
480 2180 531 2233 sed
545 2181 611 2246 ocio,
629 2176 695 2249 qui?
710 2193 812 2249 quum,
829 2176 902 2251 quod
919 2176 981 2232 Scb.
998 2176 1055 2231 vult
1071 2191 1145 2231 esse:
1168 2173 1236 2246 „sed
1251 2191 1315 2229 num
1332 2175 1396 2244 scis,
1413 2191 1480 2248 quo·

313 2259 395 2316 modo
410 2262 465 2318 ltoe
482 2258 567 2338 (quod
590 2261 737 2333 „Vestorio
757 2280 813 2319 non
828 2258 956 2337 desum“)
979 2261 1047 2316 mibi
1058 2259 1234 2332 procedut“:
1256 2267 1282 2314 at
1303 2259 1329 2314 id
1353 2276 1432 2315 nemo
1448 2276 1480 2315 ex

312 2346 476 2419 quietudine
499 2348 598 2419 potuit.
644 2346 714 2420 Ego:
737 2365 759 2403 s.
781 2365 815 2418 s,
838 2352 888 2421 qui
912 2343 949 2422 (oz
971 2345 1059 2419 qualis
1074 2339 1223 2415 Vestorius)
1246 2346 1298 2400 sit.-
1313 2360 1416 2415 quum,
1447 2343 1481 2400 de

315 2428 452 2485 Ciceronis
472 2433 605 2486 sententia
627 2430 685 2485 vide
706 2430 832 2506 Popmam
859 2441 886 2489 et
907 2431 940 2487 de
961 2447 1021 2503 sqq.
1042 2429 1214 2497 Schbtzium3
1241 2428 1333 2485 audire
1355 2428 1405 2485 SIt
1427 2445 1480 2486 uon

315 2513 390 2589 licet,
411 2514 484 2586 quod
499 2523 562 2587 post
577 2515 642 2571 sels
657 2517 713 2588 qul
726 2517 855 2572 excidisse
870 2534 926 2572 uon
942 2516 1038 2570 mirum
1054 2522 1104 2569 est.
1131 2543 1167 2552 -
1188 2518 1218 2573 6.
1239 2513 1272 2568 B:
1295 2521 1325 2570 ut
1341 2514 1481 2571 Domitius

316 2601 413 2655 voleat
429 2602 536 2670 amicis,
552 2603 705 2656 adiuvetur
724 2597 852 2672 †tamen
869 2618 925 2658 uon
940 2602 1102 2674 gratissimo
1118 2614 1245 2655 munere.
1288 2597 1362 2672 Ego:
1387 2601 1445 2655 udi.
1461 2606 1480 2656 t.

317 2684 447 2739 uouuibil
460 2703 504 2757 pr.
522 2703 557 2739 m.
592 2684 626 2740 lle
648 2687 789 2742 adiuvare
803 2689 927 2758 aliquem
943 2686 1062 2755 aliquid,
1083 2684 1162 2753 nibil,
1179 2684 1307 2740 nonnihil
1322 2682 1357 2739 cl.
1374 2682 1431 2739 Cat.
1448 2683 1479 2739 Μ.

317 2768 335 2840 S
353 2768 382 2840 1,
399 2769 454 2823 ttt.
471 2768 616 2841 Xll,14,2
633 2779 660 2825 et
677 2770 707 2842 3,
726 2771 812 2844 16,1,
828 2771 911 2826 lladv.
928 2770 946 2841 S
963 2768 1035 2839 229,
1051 2786 1074 2839 a,
1089 2770 1115 2822 1.
1148 2766 1249 2823 Excidit
1264 2768 1289 2823 b.
1307 2767 1325 2823 l.
1342 2769 1413 2825 nibil
1430 2769 1481 2841 vel,

317 2860 347 2908 ut
363 2854 390 2907 in
406 2853 430 2908 Μ
445 2870 526 2928 saepe
541 2853 677 2926 scribitur,
700 2859 741 2912 nil
760 2865 824 2930 post
844 2875 917 2927 nou,
940 2862 970 2909 ut
990 2852 1062 2908 baud
1083 2869 1144 2907 raro
1168 2850 1221 2923 llll,
1237 2853 1266 2922 3,
1283 2851 1313 2922 2,
1333 2852 1366 2923 ll,
1383 2852 1435 2924 20,
1452 2851 1481 2925 6)

316 2955 373 2994 nou
389 2946 451 2994 ante
466 2940 544 2994 nibil.
574 2938 669 2995 Potest
683 2940 791 2997 defendi
813 2949 907 2997 lumen
928 2937 1061 2994 audiendo
1083 2939 1139 2992 sive
1154 2940 1278 2993 cleliam
1298 2931 1397 3008 „uulel
1412 2941 1481 2994 ami·

317 3021 381 3079 εἰςιι
399 3018 443 3095 (ci.
461 3021 533 3079 Vani.
548 3023 568 3095 l,
586 3024 682 3098 9,10‚
704 3044 742 3082 sc.
764 3027 815 3081 etsi
836 3026 886 3081 iam
908 3024 991 3079 irater
1013 3017 1171 3097 pertulerat)
1194 3023 1249 3077 sive
1264 3024 1355 3096 potius
1371 3026 1484 3080 etiamsi

316 3124 373 3164 nou
390 3110 500 3163 ualeret
522 3127 566 3179 α.,
588 3108 621 3164 de
642 3126 694 3183 qua
715 3110 804 3183 ellipsi
827 3108 886 3186 (per
907 3125 986 3181 quam
1007 3116 1044 3178 et,
1066 3114 1166 3180 alque,
1188 3123 1242 3162 nec
1263 3113 1358 3162 tamen
1379 3116 1423 3163 est
1440 3131 1492 3154 =.

302 3198 347 3248 'et
359 3192 528 3265 praeterea)
550 3193 585 3249 ci.
603 3191 679 3248 Obss.
697 3196 724 3250 in
740 3194 887 3251 Sestianam
903 3211 930 3267 p.
947 3191 1003 3265 64,
1024 3192 1107 3248 Madv.
1124 3191 1156 3246 ud
1172 3190 1229 3246 Vin.
1247 3191 1278 3263 ll,
1294 3190 1344 3263 84,
1360 3191 1434 3248 Fam.
1450 3193 1481 3264 ll,

319 3276 370 3350 17,
386 3277 416 3349 4,
439 3276 482 3331 nbi
499 3278 527 3331 ll.
549 3294 580 3333 ex
601 3277 662 3332 edd.
679 3287 744 3335 vett.
759 3295 813 3334 nec
830 3287 897 3349 tum,
919 3294 971 3351 ego
993 3295 1025 3340 ex
1040 3276 1065 3332 Μ
1080 3292 1135 3333 nec
1151 3284 1256 3347 tamen,
1276 3290 1306 3332 a:
1322 3284 1360 3348 et,
1377 3279 1482 3333 etiamsi

318 3378 433 3436 „verum
448 3362 545 3418 luisset
559 3379 602 3417 me
618 3379 662 3418 eas
678 3363 818 3435 mittere“,
839 3372 939 3434 tamen,
961 3362 1021 3419 coll.
1045 3361 1086 3432 lV,
1104 3359 1153 3430 12,
1170 3361 1198 3432 3,
1214 3361 1263 3432 Vl,
1284 3360 1313 3433 1,
1330 3359 1359 3433 2,
1380 3361 1413 3433 ll,
1432 3360 1481 3435 15,

317 3445 348 3519 4,
365 3446 420 3519 ubi,
438 3454 467 3501 ut
483 3448 508 3502 b.
525 3446 543 3504 l.
557 3455 599 3503 est
614 3451 669 3504 adi.
686 3457 780 3505 tumen
797 3448 835 3519 (τι
851 3456 878 3503 et
894 3450 952 3503 adi.
968 3454 998 3519 t.,
1016 3455 1045 3502 ut
1059 3455 1101 3502 est
1115 3448 1142 3501 in
1157 3442 1223 3522 lac),
1240 3454 1282 3502 est
1292 3463 1375 3520 quem
1388 3454 1482 3505 tomen

319 3531 357 3607 (οε
374 3540 412 3604 et,
433 3533 535 3587 etiamsi
557 3531 588 3587 ab
604 3550 637 3589 eo
659 3534 796 3608 impetrari
817 3534 968 3607 potuisset,
990 3528 1182 3602 tamencum),
1203 3531 1245 3602 Vl,
1265 3530 1296 3602 4,
1318 3532 1348 3603 1,
1369 3531 1431 3603 ubi,
1453 3539 1482 3589 ut

317 3614 374 3671 rin.
391 3616 423 3688 ll,
441 3615 491 3687 15,
512 3619 667 3673 concessiva
687 3619 831 3687 sententia,
850 3634 921 3691 quae
942 3616 1028 3672 audiri
1043 3623 1160 3690 poterat,
1176 3615 1265 3673 addita
1281 3625 1331 3672 est.
1376 3616 1483 3692 Simpli-

317 3702 374 3758 cius
391 3709 479 3756 tamen
495 3708 553 3757 erut
565 3718 624 3758 oum
638 3701 766 3760 Scbritzio
782 3702 905 3759 scribere.
915 3705 999 3758 etiam
1014 3717 1064 3775 pro
1081 3708 1185 3772 lamen,
1202 3699 1346 3775 dequibus
1362 3700 1482 3759 confusis

318 3780 354 3859 (b.
371 3784 389 3840 l.
407 3794 539 3858 sequente
554 3781 583 3861 n)
600 3788 634 3844 cl.
652 3786 736 3844 Emm.
752 3787 782 3842 V.
796 3787 824 3843 b.
842 3788 873 3843 lll
888 3787 996 3861 p.3de
1011 3783 1043 3853 Q.
1060 3784 1087 3840 V.
1100 3785 1132 3856 ll,
1147 3786 1177 3858 3,
1194 3785 1223 3841 2.
1238 3785 1374 3842 al.-8.
1393 3786 1480 3862 Vulgo

317 3886 350 3926 ex
371 3870 442 3926 lacl:
465 3871 613 3928 basilicam
634 3876 690 3929 ium
709 3889 805 3945 paene
829 3875 931 3930 texuit.
968 3872 1003 3926 At
1023 3870 1121 3927 dicitur
1135 3874 1240 3941 nidum,
1257 3887 1367 3941 nauem,
1391 3867 1481 3946 (etiam

316 3956 437 4027 domum,
457 3960 608 4030 porterum,
624 3957 671 4013 sed
688 3954 814 4032 vimine)
836 3959 985 4014 basilicum
1006 3963 1108 4013 texere
1128 3955 1180 4012 dici
1195 3971 1250 4012 non
1264 3956 1364 4031 potuit.
1409 3956 1438 4013 lu
1452 3958 1480 4032 Ζ,

317 4038 346 4112 C,
362 4039 419 4111 Μ1,
441 4038 516 4112 Pali,
532 4050 566 4113 ψ,
583 4040 614 4097 11.
631 4051 688 4114 est,
707 4057 736 4098 u:
758 4045 785 4099 in
806 4042 879 4099 arch.
901 4041 952 4098 suit
974 4045 1088 4111 texerit,
1111 4058 1143 4097 ex
1160 4057 1213 4114 quo
1229 4057 1282 4116 ego
1299 4041 1352 4097 leci
1364 4048 1482 4100 texerat

319 4118 357 4201 (oz
379 4124 504 4180 basilicae
526 4133 627 4181 tectum
651 4128 701 4182 iarn
722 4146 749 4201 p.
770 4127 931 4200 absolverat,
952 4126 986 4183 cl.
1008 4125 1055 4181 Οτ.
1078 4124 1106 4180 V.
1129 4126 1171 4196 lll,
1195 4125 1223 4198 l,
1247 4122 1313 4201 14),
1334 4144 1372 4182 sc.
1395 4146 1482 4201 quum

316 4211 390 4267 baec
405 4213 512 4282 scripti
517 4228 524 4274 3
546 4212 598 4266 etsi
614 4215 720 4268 lexerit
736 4212 815 4268 etiam
831 4230 864 4270 ex
880 4216 962 4284 texit,
985 4220 1014 4267 ut
1030 4220 1072 4267 est
1087 4212 1114 4266 in
1129 4210 1186 4283 ll2,
1202 4209 1261 4267 lieri
1274 4212 1372 4284 potuit.
1404 4210 1481 4279 Quod

319 4293 444 4351 lllotzius
460 4296 569 4369 scripsit
583 4303 734 4368 erexerat,
755 4296 854 4353 dicitur
873 4297 940 4353 illud
957 4296 1064 4370 quidem
1085 4296 1118 4351 de
1141 4296 1271 4353 turribus
1295 4296 1483 4372 similibusque

317 4378 454 4452 aediliciis,
474 4380 523 4436 sed
544 4380 578 4437 de
598 4381 716 4438 basilicis
738 4391 800 4456 apte
822 4383 874 4439 dici
894 4384 937 4438 vix
958 4390 1058 4456 potest.
1090 4410 1130 4421 ·-
1163 4382 1231 4436 lnlra
1253 4380 1272 4437 Β
1294 4397 1326 4437 ex
1346 4380 1419 4440 Jacl:
1439 4382 1484 4439 Ad

317 4466 386 4539 quid
413 4466 583 4525 laboramus
610 4483 662 4525 res
689 4468 860 4526 Romanus?
885 4471 1051 4537 nonenim,
1082 4467 1156 4542 quod
1185 4465 1252 4523 blan.
1282 4468 1324 4524 sic
1352 4467 1481 4544 explicata
