3262 5106
278 344 340 407 112
568 344 755 411 Epistularum
773 345 809 395 ad
827 346 955 397 Atticum.
990 346 1073 399 Liber
1091 346 1154 397 vn.

361 504 424 570 ΕΡ.
447 506 495 558 11.
517 504 548 557 5.
594 500 696 575 Vulgo:
717 480 758 557 nel
775 516 858 572 quem
873 503 1003 558 detectus
1017 511 1045 557 et
1065 504 1176 558 sacmmo
1191 504 1298 576 nepotii
1317 503 1448 575 Resera-

277 595 333 643 tur.
365 585 437 659 Ego:
458 584 636 657 Deferotur3
660 584 711 644 vid.
732 586 803 641 leur.
825 586 954 658 Referre
977 587 1117 659 buperium
1140 585 1245 642 aliudve
1265 586 1375 660 aliquod
1397 604 1446 643 ne·
1537 588 1546 603 ’

276 672 382 745 gotium
403 669 435 726 ad
456 668 681 744 aliquembatinc
701 670 879 727 condicitur.
917 668 957 725 (ll.
980 670 1031 742 17,
1053 669 1083 744 2,
1107 670 1152 726 ubi
1166 669 1259 728 Cicero
1281 670 1374 727 scribit
1391 687 1445 744 „se

276 771 365 829 neque
393 756 534 812 detectum
563 750 607 829 (ad
632 771 662 811 se
688 750 823 830 delutum)
854 754 939 810 ullum
964 770 1053 828 neque
1076 758 1219 830 nepotium
1248 754 1448 828 suscepisse“,

277 849 305 897 at
331 838 387 895 Em.
415 857 443 913 p.
471 839 512 896 74
538 839 572 895 de
597 837 669 895 uam.
696 838 750 911 Vll,
778 839 834 911 17,
862 838 897 912 2,
924 838 970 894 ubi
999 856 1052 913 ego
1079 857 1111 896 er
1137 842 1370 898 uttroodtulerim
1394 840 1448 897 ieci

277 928 356 982 ultro
366 927 428 981 det.
526 938 530 944 ·

361 1011 424 1078 ΕΡ.
442 1012 492 1071 18.
510 1012 539 1065 1.
582 1003 687 1082 Vulgo:
708 1012 830 1079 missae,
849 1022 907 1080 per
924 1009 1097 1069 Terentiam.
1127 1007 1185 1084 Ego
1202 1008 1243 1079 (ut
1258 1010 1309 1066 iam
1325 1007 1448 1082 Graev.):

277 1113 313 1150 m.
332 1112 362 1165 p.
383 1095 414 1150 Τ.
450 1093 510 1149 Non
531 1091 705 1164 „redditae“
727 1109 776 1167 prr
791 1093 822 1148 Τ.
839 1101 904 1148 sunt
919 1095 1000 1149 Attici
1016 1093 1148 1167 epistolae
1165 1091 1322 1168 (reddebant
1336 1095 1365 1165 ii,
1388 1095 1450 1168 qui·

279 1178 330 1234 bus
346 1178 375 1233 Τ.
392 1194 437 1233 eas
453 1177 628 1251 perferendas
642 1175 778 1252 dederat),
802 1176 850 1233 sed
865 1180 980 1249 missae,
1000 1191 1030 1232 a:
1053 1176 1228 1252 perferendae
1245 1178 1330 1234 datae.
1535 1171 1541 1181 ’

360 1265 421 1332 ΕΡ.
446 1266 494 1319 1¹7.
516 1267 550 1318 4.
595 1261 696 1336 Vulgo:
724 1266 768 1318 sin
789 1269 884 1319 uatem
905 1266 991 1318 etiam
1021 1260 1097 1339 (aad)
1121 1258 1192 1337 aut)
1214 1265 1369 1331 indueine3
1398 1262 1450 1319 sed

278 1347 422 1403 durissime
439 1349 479 1403 sic
493 1346 633 1402 audiretur
651 1349 757 1403 nedum
777 1342 834 1423 (vei
846 1364 903 1403 non
918 1344 1009 1421 modo)
1022 1363 1095 1418 pun.
1141 1346 1214 1422 Ego:
1238 1352 1282 1404 sin
1303 1343 1322 1420 †
1342 1367 1369 1403 a.
1386 1363 1412 1404 e.
1430 1352 1451 1404 i.

278 1431 371 1487 Cicero
392 1432 515 1506 scripsit:
538 1447 561 1487 s.
586 1439 637 1487 uui
655 1448 720 1503 porc
741 1439 792 1488 aut
813 1447 837 1486 e.
858 1434 876 1491 i.
899 1439 945 1487 aut
965 1431 1077 1505 saltem,
1100 1440 1130 1487 ut
1150 1430 1211 1488 Scir.
1234 1431 1322 1503 coni,
1342 1449 1367 1489 s.
1381 1450 1451 1504 porc
1500 1479 1504 1487 .

279 1524 330 1572 aut
345 1533 370 1572 e.
385 1520 404 1572 i.
435 1515 470 1571 lie
486 1522 536 1572 aut
552 1519 637 1571 etium
652 1518 702 1571 iam
719 1515 783 1571 dixi.
817 1514 923 1571 Omisso
936 1523 987 1573 out
998 1534 1030 1588 p.
1048 1525 1110 1572 ante
1126 1523 1178 1573 out
1193 1532 1218 1572 e.
1235 1519 1253 1573 i.
1271 1533 1302 1572 er
1318 1524 1451 1574 nutante

280 1617 295 1656 e
318 1601 480 1657 factumest
503 1605 580 1656 unte.
1526 1667 1529 1673 Ι

363 1687 425 1753 ΕΡ.
440 1688 492 1740 22.
508 1688 538 1740 2.
584 1682 686 1758 Vulgo:
708 1689 733 1740 si
753 1687 823 1757 quid
834 1688 864 1740 in
879 1691 999 1742 mentem
1015 1690 1099 1759 uenit,
1123 1688 1203 1744 velim
1219 1687 1343 1745 scribas.
1375 1684 1450 1760 Ego:

279 1772 406 1833 venerim
427 1770 469 1825 viu
486 1770 556 1824 euim
572 1777 663 1842 rogat,
686 1776 715 1824 ut
731 1770 846 1841 Atticus,
867 1771 891 1824 si
911 1769 975 1842 quid
990 1773 1047 1827 ium
1064 1779 1121 1827 tum
1141 1772 1301 1844 tumentem
1317 1773 1449 1840 venisset,

279 1853 426 1923 scriberet,
447 1853 494 1909 sed
511 1856 533 1908 si
550 1852 614 1927 quid
628 1860 738 1925 postea.
769 1852 810 1909 ct.
826 1869 868 1927 ep.
886 1854 936 1925 10,
958 1854 991 1909 al.
1024 1853 1126 1911 Excidit
1147 1865 1212 1911 nota
1227 1872 1261 1911 er
1275 1854 1402 1929 syllabae.

364 1939 425 2008 ΕΡ.
448 1934 501 1995 23.
526 1943 555 1995 1.
601 1937 704 2011 Vulgo:
727 1954 780 1995 nos
803 1982 809 1994 .
831 1979 839 1992 .
858 1954 956 2010 paene
975 1942 1032 1994 ium
1052 1946 1154 2012 ruptos
1175 1982 1181 1994 .
1204 1979 1236 1995 ..
1258 1943 1339 2012 copti
1356 1942 1449 2014 plone

279 2039 386 2081 sumus.
432 2024 539 2095 Mirum,
566 2024 588 2078 si
615 2022 649 2078 de
673 2022 765 2078 eadem
788 2039 817 2077 rc
842 2024 869 2077 in
896 2023 989 2078 eadem
1011 2024 1125 2097 epistola
1146 2033 1173 2081 et
1191 2039 1288 2097 paene
1308 2032 1337 2081 et
1357 2028 1450 2097 plone

264 2108 380 2165 'dictum
403 2117 455 2165 est.
500 2106 677 2164 Scribendum
699 2115 742 2163 est
764 2109 855 2179 plone
871 2150 878 2162 .
896 2110 1023 2180 .ptune;
1044 2126 1104 2163 ram
1123 2125 1219 2180 poene
1240 2150 1272 2165 ..
1292 2125 1388 2180 poene
1407 2109 1450 2166 et-

280 2210 344 2250 cero
366 2195 406 2248 vix
429 2194 553 2267 scripsit,
580 2191 615 2247 cf.
637 2191 783 2248 decadem
805 2190 903 2263 relX,
925 2192 953 2262 6,
976 2191 994 2248 2
1023 2197 1112 2264 plone
1138 2197 1289 2268 interclusi
1312 2198 1451 2268 captique

280 2294 377 2335 scmus.
1095 2298 1101 2310 ⁸

364 2363 425 2431 ΕΡ.
446 2366 500 2417 24.
545 2361 633 2435 Vulgo
655 2378 686 2416 er
709 2359 766 2432 Μ2,
787 2359 838 2416 ut:
862 2362 994 2435 effupiut.
1024 2363 1190 2420 Aronsr‘tto
1209 2363 1352 2437 sapiendi.
1389 2362 1450 2438 Ego

281 2464 313 2502 ex
334 2462 393 2502 mea
413 2445 561 2519 eademque
576 2444 674 2501 Klotzii
690 2443 778 2515 corp:
795 2462 837 2503 e..·
853 2461 904 2519 epo
918 2464 937 2501 u
954 2464 980 2503 c.
992 2445 1033 2518 f.;
1049 2449 1077 2502 iu
1092 2446 1111 2501 C
1124 2449 1195 2503 enim
1211 2457 1252 2504 est
1268 2465 1294 2533 e.
1307 2464 1358 2522 epo
1372 2466 1398 2506 e.
1411 2450 1433 2523 f
1441 2493 1451 2522 ,

281 2531 353 2587 unde
368 2531 396 2586 iu
411 2528 455 2585 u1
479 2545 504 2586 e.
521 2545 537 2586 e
552 2546 579 2586 c.
593 2530 636 2602 fi,
658 2540 685 2586 et
701 2530 793 2586 Cicero
810 2526 932 2604 Pompeii
953 2530 1067 2587 consilio
1082 2549 1162 2588 suum
1177 2535 1345 2590 contrarium
1360 2536 1452 2608 ponit.
1548 2532 1554 2537 ’

739 2712 849 2787 Liber
874 2712 971 2787 vul.
1080 2790 1091 2796 .

284 2896 288 2903 ·
365 2874 428 2944 ΕΡ.
448 2877 479 2930 2.
499 2875 531 2929 6.
575 2869 646 2925 Rex
668 2868 775 2945 Μὶὶβψε
799 2869 863 2927 Non
886 2874 1044 2942 accipere?
1070 2887 1106 2927 ne
1123 2875 1320 2943 periculosum
1339 2878 1386 2947 sit,
1407 2879 1452 2932 in·

283 2962 419 3017 mdiorum
440 2960 480 3015 od
498 2957 597 3013 bonos.
641 2957 674 3010 m
696 2972 750 3011 non
771 2954 891 3028 accipere
914 2956 1079 3029 triumphum
1100 2956 1241 3018 aCaesare
1261 2958 1379 3015 delatum
1401 2961 1452 3017 ho·

283 3046 343 3099 nori
365 3042 437 3116 apud
458 3041 543 3098 bonos
565 3055 670 3095 summo
691 3038 812 3096 Ciceroni
833 3048 920 3096 esset:
941 3041 1078 3113 accipere,
1100 3041 1127 3097 id
1149 3040 1255 3098 demum
1277 3044 1449 3102 invidiosum.

284 3128 356 3202 Eg'o:
378 3143 434 3183 non
456 3122 476 3197 †
497 3143 524 3179 u.
542 3139 621 3195 nep.
636 3128 682 3195 stt,
702 3127 721 3180 i.
739 3126 779 3180 od
792 3124 828 3193 b,
851 3139 934 3196 quum
949 3123 1080 3197 dubitem,
1096 3134 1187 3182 utrum
1203 3126 1295 3184 Cicero
1311 3131 1452 3203 scripserit

183 3267 186 3274 ,
284 3213 397 3280 Nona.
420 3228 457 3281 ne
475 3228 506 3281 p.
523 3211 575 3279 sit,
597 3211 735 3280 accipere
757 3206 823 3279 (lael
844 3209 1027 3282 sitandan.)
1049 3214 1067 3266 i.
1085 3227 1108 3267 s.
1125 3213 1165 3267 ud
1178 3213 1203 3268 b.
1221 3210 1263 3287 (de
1280 3229 1315 3268 ne
1330 3216 1451 3271 verentis

284 3297 337 3352 vid.
360 3295 443 3352 Madv.
465 3294 498 3350 ad
520 3293 578 3348 Vin.
599 3292 631 3363 V,
647 3292 675 3365 8)
698 3310 748 3360 an,
771 3292 844 3366 quod
866 3295 978 3349 maxime
1000 3295 1090 3365 credo,
1115 3296 1150 3357 N.
1171 3313 1208 3367 u.,
1243 3297 1370 3368 VEreor,
1395 3299 1453 3354 NE

280 3401 312 3454 p.
328 3385 376 3450 sit,
390 3400 418 3437 a.
434 3384 453 3437 τ’.
471 3380 510 3435 ud
524 3380 549 3435 b.
567 3372 611 3451 (ci.
624 3376 665 3446 lX,
679 3377 709 3449 4,
722 3377 740 3434 3
757 3377 839 3448 „Sed
848 3394 961 3447 uereor,
977 3395 1014 3436 ne
1024 3381 1075 3436 tiln‘
1083 3370 1206 3454 ἄκαιρος
1222 3381 1282 3450 sim,
1300 3380 1327 3437 V.
1341 3380 1362 3453 l,
1376 3380 1406 3453 8,
1419 3382 1450 3454 5,

284 3469 341 3524 Ait.
360 3465 413 3537 Vll,
430 3466 481 3536 18,
497 3463 526 3534 3,
548 3460 612 3534 Vlll,
630 3463 679 3531 11,
697 3463 726 3533 1,
750 3460 848 3536 quibus
870 3462 936 3520 locis
958 3464 1062 3520 collatis
1084 3464 1207 3538 equidem
1223 3467 1302 3520 etiam
1318 3481 1390 3522 nunc
1406 3483 1450 3522 ve·

284 3567 359 3622 reor,
381 3567 415 3606 ue
437 3548 494 3605 uin.
513 3548 543 3619 V,
566 3547 584 3604 8
606 3548 677 3602 iuter
699 3547 757 3604 Sed
777 3557 804 3603 et
827 3564 863 3604 ne
883 3547 1012 3604 exciderit
1033 3549 1159 3623 vereor),
1182 3566 1215 3605 an
1237 3546 1277 3622 (ut
1298 3565 1351 3623 ego
1373 3548 1448 3625 olim)

287 3636 324 3692 N.
340 3637 536 3706 acciperene?
550 3649 580 3704 p.
598 3635 649 3694 sit,·
666 3637 754 3688 racc..i
768 3636 787 3688 t.
803 3636 843 3689 nd
852 3634 878 3689 b.
893 3632 942 3706 (sic
953 3635 1031 3688 etiam
1043 3632 1139 3704 Madv,
1154 3633 1216 3689 sed:
1233 3638 1283 3699 sit3
1298 3652 1339 3690 un
1354 3639 1448 3706 uee.?,

285 3727 312 3775 at
327 3739 366 3775 on
381 3721 421 3775 sic
435 3718 496 3774 addi
513 3733 602 3789 neque
618 3733 687 3789 opus
709 3726 751 3772 est
766 3733 855 3790 neque
869 3715 956 3788 solet,
978 3716 1077 3787 ctlll,
1094 3717 1128 3789 2,
1143 3719 1181 3791 Α,
1199 3719 1214 3774 1
1237 3718 1271 3774 de
1292 3718 1385 3776 eadem
1405 3735 1448 3775 re:

285 3805 456 3876 Accipiam?
476 3800 551 3869 Quid
561 3801 700 3873 foedius?
732 3801 856 3875 Nepem?
889 3801 1050 3873 Repudium·
1064 3845 1070 3859 .
1087 3843 1094 3858 .
1108 3804 1238 3874 putabit,
1260 3802 1314 3876 XV,
1334 3804 1372 3860 10
1391 3805 1448 3862 Lu·

285 3891 337 3946 dos
359 3903 426 3945 uero
448 3887 652 3959 nonfacere?
694 3884 768 3952 Quid
788 3885 924 3958 foedius?
957 3886 1144 3944 Frumentum
1163 3891 1331 3960 imponere?
1367 3888 1449 3959 Quae

288 3981 333 4031 est
350 4015 358 4030 .
375 4015 382 4028 .
398 3973 572 4044 sordidiusi,
594 3969 651 4026 Vin.
669 3970 705 4041 ll,
722 3970 761 4027 79
778 3972 993 4041 Relinquesnei
1023 3971 1102 4039 Quae
1122 3974 1178 4028 istu
1195 3990 1224 4028 u.
1240 3973 1299 4030 esti
1333 3974 1450 4032 Retine-

286 4060 348 4116 bis?
377 4056 432 4126 Qui
450 4053 621 4126 renuendi).
665 4053 790 4110 Ceterum
813 4055 838 4111 in
859 4053 1024 4128 Madvigiana
1050 4057 1181 4129 scriptura
1203 4073 1253 4129 pro
1273 4060 1310 4122 ,sit
1329 4058 1449 4116 seriben-

285 4143 365 4213 dum,
386 4144 498 4217 opinor,
521 4148 579 4197 erat
591 4157 623 4212 Ρ.
639 4147 681 4195 est
688 4159 696 4207 3
718 4139 753 4196 ci.
770 4139 846 4196 locos
862 4156 945 4214 'supra
962 4139 1091 4196 laudatos.

369 4231 432 4298 ΕΡ.
447 4231 480 4283 4.
498 4230 526 4287 1.
571 4224 675 4297 Vulgo:
696 4226 776 4281 illum
791 4243 847 4282 non
864 4227 974 4298 efferre
989 4228 1133 4284 laudibus.
1164 4225 1223 4297 Vc,
1239 4224 1384 4303 mutuno:
1406 4229 1450 4301 es-

282 4312 405 4387 serrem,
420 4329 452 4369 ex
466 4327 521 4387 quo
536 4326 589 4384 ego
605 4308 656 4365 leci
670 4325 694 4366 e.
707 4324 767 4380 me,
790 4310 944 4383 postulante
965 4312 1117 4369 necessario
1134 4328 1218 4386 quum
1236 4312 1326 4385 priore
1340 4329 1449 4387 compa·

286 4400 397 4458 rationis
424 4395 544 4455 membro
573 4394 741 4471 „consilium
774 4413 862 4451 meum
890 4396 1050 4471 reprebendi
1079 4416 1096 4453 α
1124 4397 1227 4466 Quinto
1253 4396 1392 4477 vulgoque
1416 4396 1449 4455 ab
