3262 5106
303 376 363 441 128
592 377 778 443 Epistolaemn
797 377 832 429 ad
850 378 980 427 Atticum.
1016 377 1100 427 Liber
1116 376 1179 428 ΧΠ.

302 535 360 590 vius
383 533 483 589 lrustrn
506 550 535 589 se
559 541 713 606 torserunt,
741 550 823 608 quum
848 535 1002 605 praedium
1030 531 1198 607 audiverunt·
1243 532 1293 606 tlgi
1322 529 1355 587 de
1377 531 1471 605 pretio

300 619 442 674 hortorum
470 617 528 674 Silii
557 619 621 674 satis
643 618 806 692 intelligitur
834 634 916 691 quum
945 634 977 672 ex
1006 634 1047 689 sq.
1076 618 1152 690 qood
1177 632 1314 672 sommum
1338 619 1470 687 pretium

300 705 479 770 constituam,
505 712 561 758 tmn
584 719 616 757 ex
639 702 689 774 30,
714 703 727 758 1
755 702 868 773 „vereri
890 700 1003 769 videris,
1031 701 1146 774 primum
1169 716 1203 755 ne
1226 699 1295 756 nollt
1317 696 1469 773 (vendere),

300 785 396 842 deinde
419 804 455 843 ne
471 787 565 845 taaii‘
582 783 621 860 (oz
637 804 671 843 ne
687 795 740 843 tam
757 803 849 861 parvo,
866 801 944 860 quarn
960 802 1013 859 ego
1029 801 1119 841 emere
1134 780 1219 861 volo).
1265 783 1360 841 Cicero
1378 785 1469 858 scrip·

300 873 336 927 sit
352 890 380 928 a.
396 873 506 944 aliquid
524 871 573 946 (sc.
590 871 623 927 etl
640 871 665 926 id
682 873 815 946 pretium,
837 869 910 943 quod
927 869 1032 926 solvere
1048 863 1170 943 velimus)
1187 887 1204 924 a
1221 886 1277 942 qao
1298 877 1343 924 eut
1359 867 1468 941 saltem,

298 955 390 1011 ondita
413 957 576 1030 aliquisita„
599 957 678 1026 sllad,
702 970 719 1010 a
742 973 807 1029 qao.
846 953 980 1010 Coniundl
994 969 1126 1027 persaepe
1141 955 1259 1024 aliquid,
1283 954 1373 1025 aliud,
1394 954 1471 1009 illud

298 1048 413 1098 constat.
437 1040 464 1095 ln
477 1049 553 1097 textu
566 1040 677 1114 scripsi:
694 1059 722 1098 o.
735 1036 755 1110 †
766 1040 854 1096 aliud.
870 1069 909 1079 -
926 1042 957 1094 2.
974 1036 1076 1112 Vulgo:
1089 1040 1199 1094 siloam.
1223 1037 1296 1111 ligo:
1313 1037 1466 1093 Silianam.

299 1124 392 1181 Cicero
411 1125 463 1180 hoe
478 1124 560 1181 dicit:
576 1132 677 1198 quanto
695 1124 819 1180 meliores
835 1122 926 1178 Sllianl
942 1123 1014 1178 lsorti
1031 1138 1111 1194 qnam
1127 1122 1247 1177 llrnsiaol
1262 1123 1334 1191 sint,
1349 1138 1403 1196 ego
1419 1137 1468 1178 ne-

299 1210 367 1278 scio,
387 1225 525 1282 ttunquam
540 1211 611 1283 enim
627 1211 653 1264 in
669 1225 732 1280 eos,
749 1224 799 1264 nee
813 1208 840 1263 ln
856 1207 919 1263 illos
935 1224 985 1263 nee
999 1208 1026 1261 ln
1044 1206 1108 1277 hos,
1132 1207 1232 1262 accessi
1255 1200 1297 1280 (oz
1319 1223 1367 1261 eos
1383 1206 1467 1280 aid2l;

298 1292 345 1348 sed
368 1294 510 1351 audiendo
531 1294 595 1349 novi
617 1294 797 1367 doponianatn
822 1288 901 1367 (quae
916 1308 989 1347 nnnc
1004 1291 1096 1347 Drusi
1116 1287 1168 1367 est)
1192 1290 1280 1347 villam
1302 1299 1329 1346 et
1345 1298 1467 1347 veterem

299 1394 358 1433 esse
375 1386 402 1432 el
417 1395 470 1434 non
488 1395 620 1452 magnam,
637 1378 778 1434 Silianam
793 1392 857 1432 vero
873 1374 991 1432 nobilem
1007 1372 1059 1446 (cl.
1077 1373 1133 1446 27,
1151 1377 1164 1431 1
1184 1374 1353 1447 „Silianam
1369 1378 1469 1432 uillam

301 1503 307 1515 .
333 1503 340 1516 .
364 1470 432 1536 puto
456 1464 506 1518 tibi
525 1468 622 1519 notam
644 1460 729 1533 esse),
754 1462 871 1517 fructum
894 1468 984 1515 antem
1007 1460 1148 1531 neutrius,
1176 1477 1227 1516 nec
1250 1458 1321 1515 illius
1343 1475 1394 1516 nec
1414 1460 1468 1515 hu·

300 1546 353 1617 ins,
377 1547 447 1603 novi.
491 1547 551 1602 Non
578 1547 611 1603 de
634 1546 760 1602 Drusiana
789 1548 850 1602 sola
874 1544 934 1599 vllla
957 1545 1070 1618 eiusque
1092 1546 1180 1613 siloa,
1208 1543 1255 1600 sed
1283 1544 1469 1619 electroque

299 1633 367 1688 oilla
391 1630 547 1687 Ciceronem
570 1630 688 1687 scribere
712 1637 827 1686 testatur
849 1630 938 1699 etiam,
962 1628 1036 1702 quod
1058 1629 1197 1702 seqnitur:
1220 1627 1291 1700 „Sed
1313 1627 1377 1684 mihi
1392 1632 1468 1686 atri-

299 1718 343 1773 ois
370 1715 485 1771 istorum
509 1756 515 1769 .
539 1757 546 1771 .
570 1723 637 1771 aest.
666 1706 766 1772 sunt“.
819 1713 923 1769 Omissa
953 1731 990 1769 on
1020 1721 1082 1769 ante
1110 1731 1157 1769 am
1184 1730 1216 1769 ex
1244 1713 1338 1769 sillam
1365 1713 1467 1769 lactum

302 1816 362 1855 esse
385 1801 488 1856 silam
512 1816 566 1856 non
589 1802 700 1855 mirum:
730 1806 888 1872 corruptum
915 1798 942 1854 in
965 1797 990 1852 Μ
1012 1797 1173 1872 plerumque
1196 1798 1262 1855 Silii
1286 1813 1383 1852 nornen
1412 1806 1468 1870 est,

300 1891 330 1940 ut
353 1884 404 1954 30,
427 1885 444 1941 1
470 1885 534 1941 Silli
547 1893 574 1941 et
590 1884 688 1956 Salas,
711 1883 762 1956 25,
776 1884 796 1939 '1
821 1883 916 1952 Scilia,
942 1881 1026 1952 no,1
1050 1881 1150 1956 Apidio
1171 1896 1203 1937 a:
1226 1880 1260 1939 A.
1278 1881 1356 1954 Silio,
1377 1881 1465 1952 27‚1

299 1971 461 2042 ssiliaaam,
490 1968 546 2044 24,
573 1970 589 2024 1
613 1970 740 2044 Aspllias
766 1982 795 2023 a:
818 1968 852 2022 Α.
877 1966 981 2038 Silius,
1011 1966 1066 2037 23,
1089 1967 1108 2023 3
1135 1969 1254 2023 canalio
1281 1980 1312 2020 a:
1335 1983 1399 2023 eum
1423 1967 1468 2039 S„

299 2052 349 2125 44,
374 2053 392 2109 2
416 2058 442 2110 si
461 2057 513 2126 illi,
537 2054 578 2125 Vl,
603 2053 630 2124 1,
657 2053 706 2123 13,
731 2053 775 2109 ubi
797 2051 816 2106 n
838 2059 912 2106 reete
935 2051 1044 2121 Siliam,
1068 2049 1132 2106 ttttt
1155 2050 1197 2108 Sil
1205 2050 1294 2108 Viam.

382 2157 444 2223 Ep.
467 2159 519 2211 32.
541 2158 572 2211 2.
616 2155 702 2229 Vulgo
726 2172 758 2210 ex
780 2152 855 2209 (lorr.
878 2152 950 2222 conj.
974 2152 1101 2208 ridicule:
1131 2170 1211 2222 „aaa
1233 2161 1276 2208 est
1298 2153 1391 2208 vitatio
1415 2148 1467 2228 (sc.

299 2240 428 2296 Publiliae
450 2248 478 2296 et
500 2240 592 2295 matris
615 2239 647 2295 ad
671 2256 712 2295 sne
735 2231 895 2315 mlventus),
924 2245 954 2292 ut
976 2253 1029 2310 ego
1051 2240 1137 2294 nolim
1161 2231 1209 2311 (sc.
1234 2253 1278 2292 eas
1300 2237 1332 2291 ad
1354 2252 1397 2313 me
1421 2248 1467 2293 ve·

300 2323 383 2400 nire);
413 2323 460 2380 sed
482 2340 594 2381 necesse
615 2323 684 2380 est“
709 2355 750 2367 -
773 2321 855 2398 qnid?
877 2338 922 2377 eas
945 2321 1043 2378 adme
1066 2323 1174 2377 venire!
1219 2320 1277 2396 Ego
1299 2330 1327 2377 et
1349 2320 1465 2396 iladvig.

299 2427 331 2466 ex
353 2409 515 2482 archetypo:
540 2426 598 2465 una
615 2453 622 2467 .
640 2451 671 2464 ..
696 2425 746 2482 epa
766 2422 798 2462 *ι
820 2409 938 2471 nodam,-
952 2409 1005 2462 sed
1017 2423 1046 2462 o.
1064 2422 1088 2462 e.
1134 2404 1298 2463 Sententiam
1315 2405 1368 2462 loci
1383 2405 1465 2479 llam,

300 2493 393 2556 (leon,
418 2492 480 2552 Sela.
505 2509 537 2548 en
560 2493 603 2563 iis,
627 2509 695 2567 quae
717 2499 884 2567 sequnntur,
909 2499 937 2546 et
958 2507 990 2546 en
1013 2489 1064 2561 34,
1090 2492 1105 2545 1
1130 2490 1186 2547 lere
1210 2491 1347 2563 viderant,
1371 2491 1466 2546 vitium

299 2595 355 2635 non
373 2580 455 2645 item3
477 2576 539 2633 Sch.
563 2593 619 2633 non
642 2578 737 2633 inseite
758 2576 803 2632 ille
819 2577 927 2649 quidem
943 2577 1064 2648 scripsit:
1078 2583 1119 2654 ¹at
1141 2593 1192 2651 ego
1207 2578 1307 2646 absim
1330 2575 1465 2632 sedidem

301 2662 411 2719 soloece
434 2662 540 2732 Nolim,
564 2678 587 2717 a.
612 2679 640 2718 n.
664 2678 689 2719 e.
733 2660 798 2716 Post
827 2659 887 2735 ch
909 2661 1039 2718 excidisse
1066 2660 1132 2716 alil)
1155 2660 1209 2734 (sc.
1233 2661 1296 2717 hinc
1318 2657 1464 2735 discedam)

299 2756 345 2803 ant
366 2751 440 2804 istuc
463 2744 510 2821 (sc.
535 2750 662 2817 cassiam,
685 2746 719 2803 el.
743 2746 776 2802 de
799 2744 1004 2816 eademre34‚
1022 2739 1050 2820 1)
1073 2761 1126 2819 ego
1150 2744 1214 2800 olim
1230 2746 1332 2802 conieci
1348 2752 1377 2800 et
1391 2761 1466 2803 nunc

300 2846 388 2924 (dds.)
417 2842 582 2923 Madvigius,
610 2850 656 2923 qui
678 2849 758 2904 etiam
767 2847 948 2920 suspicatur:
978 2853 1009 2903 ut
1037 2862 1088 2921 epo
1111 2845 1285 2903 anoton.-
1315 2845 1464 2904 NOLEM.

299 2936 342 2990 Sic
365 2943 439 2991 reete
460 2934 572 2989 dicitnr:
594 2933 695 2989 nollem
717 2933 780 2989 hine
801 2931 951 3002 discedere,
973 2932 1026 2987 sed
1046 2931 1125 2986 aliter
1147 2928 1205 2986 fieri
1227 2947 1281 2986 non
1304 2938 1409 3005 potest,
1435 2942 1465 2988 nt

298 3037 343 3076 eas
366 3020 455 3074 vitem.
492 3016 534 3058 —'
567 3021 598 3074 2.
620 3017 708 3091 Vulgo
731 3034 792 3073 cum
815 3015 864 3070 v2:
887 3017 958 3072 nihil
981 3012 1134 3087 opases13
1157 3014 1236 3091 lllRl,
1260 3014 1337 3087 (lxm,
1359 3018 1410 3086 ael,
1432 3031 1463 3073 o:

299 3104 411 3175 arctet,
434 3120 463 3158 n.
487 3121 513 3160 o.
537 3106 582 3158 sit.
625 3101 802 3157 Coniunctivo
827 3100 934 3174 quldem
957 3099 1098 3174 potentiali
1114 3098 1191 3156 locus
1214 3116 1268 3155 non
1291 3109 1344 3172 est,
1367 3099 1414 3157 sed
1430 3118 1464 3157 ex

299 3192 335 3244 sit
357 3204 409 3262 ego
432 3187 483 3244 leel
506 3190 560 3243 orii
584 3182 631 3257 [sc.
655 3202 738 3259 quum
762 3183 834 3240 illins
855 3185 976 3241 Athenas
999 3178 1127 3255 creuerit).
1173 3183 1209 3239 Ex
1238 3187 1292 3241 erit
1315 3183 1463 3242 aberrando

298 3275 354 3328 sive
376 3272 409 3328 ad
432 3273 582 3346 pronImnm
606 3269 686 3327 satiS
706 3270 773 3326 SIT
797 3271 852 3324 sive
879 3268 912 3323 od
940 3271 1064 3342 superins
1090 3268 1192 3325 OPVS
1213 3268 1281 3325 SIT
1300 3270 1399 3325 loetum
1422 3280 1465 3326 est

299 3357 381 3431 opaS
402 3356 474 3413 SIT.
519 3356 647 3429 Deinceps
676 3355 759 3428 vulgo
788 3354 910 3410 soloece:
940 3353 1066 3426 „quinus
1094 3370 1117 3408 a,
1140 3355 1168 3408 in
1192 3355 1232 3409 vla
1254 3361 1363 3422 utatur,
1390 3354 1463 3409 domi

300 3449 365 3498 sunl
387 3441 463 3516 plura
487 3457 566 3514 quarn
593 3457 662 3515 opns
685 3447 760 3496 erat.
805 3437 876 3513 Ego:
899 3455 972 3509 opas
999 3443 1062 3495 erit.
1107 3437 1171 3494 Sine
1197 3457 1224 3512 p.
1246 3442 1277 3494 in
1300 3457 1324 3494 o.
1349 3446 1390 3494 at.
1412 3438 1464 3495 dici

302 3543 382 3601 posse
404 3528 432 3582 d.
455 3542 479 3585 s.
498 3528 557 3601 pl,
587 3544 615 3599 q.
639 3543 664 3581 o.
688 3531 753 3580 erat
777 3520 875 3597 (ellada.
899 3523 917 3593 3
940 3522 1019 3594 348,
1042 3539 1071 3593 e,
1094 3539 1122 3579 n.
1149 3520 1180 3597 1)
1211 3523 1294 3596 longe
1316 3522 1388 3579 alind
1411 3533 1463 3580 est.

299 3612 441 3667 Postremo
464 3627 516 3683 ego
540 3612 650 3684 sempsit
671 3605 924 3679 †aaimadoerlis:
948 3606 1000 3662 init
1017 3615 1064 3662 ant
1078 3609 1290 3665 animaduertes
1313 3604 1362 3682 (sc.
1379 3625 1464 3682 quum

299 3697 408 3752 domurn
423 3710 510 3751 meam
525 3692 661 3769 iuspleies)
684 3703 731 3749 out
746 3692 1019 3749 animaduerTIsTI
1038 3688 1086 3764 (sc.
1103 3709 1186 3765 quum
1206 3691 1279 3748 (lomi
1295 3709 1367 3748 meae
1382 3696 1464 3762 eras),

300 3781 335 3838 cl.
357 3779 414 3849 42,
439 3780 473 3852 1,
502 3778 546 3835 ubi
569 3779 630 3835 ΜΒ]
652 3782 759 3851 scalpsi
780 3777 1013 3852 proscripsisti,
1042 3777 1092 3833 alla
1114 3777 1206 3832 multa,
1251 3776 1464 3835 Ammodaertis

298 3882 393 3941 parum
415 3874 478 3937 apte
499 3858 572 3920 esset
594 3866 826 3920 animadvertero
847 3865 931 3919 soles,

383 3986 447 4051 Ep.
468 3986 521 4040 35.
545 3986 573 4039 1.
605 3980 663 4056 Ego
685 3998 738 4053 me,
763 3981 836 4055 qnod
858 3981 941 4054 vulgo
964 3982 1058 4038 durius
1080 3979 1248 4057 audiebatur,
1270 3981 1342 4039 inter
1363 3983 1466 4053 opcrE

299 4080 327 4127 et
349 4070 479 4129 Moverat
501 4065 599 4122 addere
614 4066 759 4123 malueram
783 4082 873 4139 quarn,
898 4065 941 4122 nbi
964 4066 992 4122 B.
1009 4065 1069 4121 addi
1085 4065 1152 4136 vult,
1174 4067 1247 4122 inter
1261 4068 1338 4140 qaod
1351 4074 1379 4123 et
1393 4084 1461 4129 noa.

382 4172 445 4238 Ep.
471 4171 523 4228 37.
550 4172 583 4225 4.
627 4168 730 4242 Vulgo:
760 4185 852 4242 quare
880 4170 964 4225 etiam
994 4168 1130 4225 Othonem
1159 4169 1237 4239 aide,
1265 4168 1341 4242 quasi
1368 4166 1462 4226 Gloero

299 4257 416 4313 Attleum
438 4262 529 4329 roget,
552 4261 592 4326 nt,
620 4254 641 4309 si
664 4253 732 4310 aliens
756 4250 853 4331 (llrusi)
877 4255 973 4311 hortos
994 4251 1045 4310 siti
1067 4269 1159 4326 parare
1182 4269 1236 4309 non
1258 4253 1355 4327 possit,
1378 4252 1463 4310 titho-

299 4358 359 4398 nem
394 4354 506 4415 quoqne
544 4337 643 4411 (unum
680 4337 891 4411 Scapulanormn
928 4336 1073 4414 heredum)
1108 4339 1249 4395 conveniat
1279 4353 1341 4392 cum
1373 4355 1462 4412 eoque

226 4490 236 4509 Ι
299 4427 333 4483 de
361 4428 393 4483 iis
422 4424 543 4481 contendis
570 4433 645 4499 agot:
673 4432 766 4481 contra
795 4442 855 4480 esse
888 4442 920 4480 ex
950 4423 967 4495 3
997 4424 1014 4480 2
1043 4423 1094 4497 (ci.
1119 4423 1176 4495 41,
1208 4418 1238 4499 3)
1268 4421 1392 4479 facillime
1420 4424 1463 4480 ln-
