3256 5104
317 336 359 401 26
621 340 765 406 Epietoiee
784 341 819 392 ad
836 341 1007 393 Familiares.
1043 342 1128 392 Liber
1146 341 1193 393 IX.

319 506 349 553 tn
372 499 421 569 vis,
444 497 476 552 nd
500 497 527 552 tt.
552 514 606 554 noo
629 496 764 575 iverimus)
790 500 815 554 in
839 517 860 555 s.
885 496 960 553 iuc.“
1006 496 1162 573 Respondet
1186 497 1300 556 Varroni
1316 499 1409 555 Cicero
1429 514 1491 554 eum

319 583 419 638 ironia:
443 582 546 653 „Valde
564 623 569 635 .
587 623 593 637 .
611 582 718 657 vitup.“
763 584 801 639 dt.
827 583 859 651 2,
884 583 913 638 2.
951 574 1113 657 Plerumque
1135 584 1174 639 sie
1197 582 1305 638 reciditur
1326 586 1424 655 inquis
1449 581 1490 637 vel

318 670 440 740 inquies,
463 667 510 722 sed
534 684 587 722 non
610 684 725 740 semper.
750 697 790 706 -
812 672 842 728 2.
866 668 893 724 d.
917 684 948 723 ex
965 666 1101 723 Benedicti
1123 666 1194 738 conj.
1211 668 1276 723 mihi
1299 684 1409 742 qnoque
1425 666 1490 722 otim

319 750 445 824 probatu:
469 767 635 825 persequor
657 760 684 808 te
708 749 747 827 (tt
768 749 976 826 persequare).
1022 752 1080 825 Ego
1103 769 1187 807 rrune:
1209 768 1375 825 persequor
1397 748 1441 826 (ei.
1460 750 1491 821 5,

321 837 347 906 1,
372 835 416 892 nbi
432 835 456 890 Μ
479 845 620 910 sequetur
633 853 684 909 pro
699 853 818 909 sequor,
841 834 896 911 et).
934 835 970 892 tu
983 852 1149 910 persequor
1170 832 1336 914 (uodpieiqcu
1351 861 1392 883 =
1405 854 1435 906 p.
1453 834 1490 906 te)

319 921 355 976 ei.
379 920 408 990 5,
432 921 451 977 3
474 929 501 976 et
524 922 578 975 dtt.
603 920 663 993 XV,
687 920 745 992 27,
770 918 804 991 l,
828 920 871 976 ubi
895 938 947 995 ego
971 937 1003 976 ex
1026 939 1074 991 „v.
1098 921 1144 977 e.“
1167 920 1305 994 Lambini,
1326 936 1355 975 o:
1379 921 1410 976 Z:
1433 921 1491 976 Pu·

320 1007 426 1062 teoleoi
445 1010 632 1079 persequitur
655 1005 702 1078 (sc.
722 999 791 1080 me),
815 1008 941 1079 quonium
964 1004 1081 1061 Sestium
1104 1005 1259 1062 Ciceronem
1276 1023 1332 1062 non
1351 1004 1493 1078 prosequi

320 1087 474 1163 (comitari),
497 1090 546 1146 sod
564 1095 705 1164 persequi
727 1088 825 1165 (sequi)
849 1106 890 1161 eo,
913 1106 980 1164 quoe
1003 1098 1164 1164 sequuntur,
1188 1091 1255 1146 satis
1277 1090 1423 1149 deciment.

403 1177 464 1243 Ep.
487 1178 518 1230 4.
555 1175 654 1247 Vulgo:
679 1192 726 1250 es,
743 1165 1048 1238 rdvddovoirorm
1071 1175 1109 1230 M:
1126 1183 1177 1246 est,
1194 1167 1223 1231 oi.
1256 1174 1329 1250 Ego:
1346 1191 1385 1244 cs,
1402 1162 1490 1230 dei-

318 1276 447 1333 vurov3
471 1276 533 1315 nnm
556 1261 671 1332 primum
693 1264 766 1315 τῶν
786 1252 817 1317 oi.
841 1276 930 1333 neque
946 1258 1117 1333 praecedenti
1139 1276 1280 1332 „neccsse
1295 1257 1379 1316 csse“
1402 1276 1491 1333 neque

319 1345 445 1417 sequenti
474 1338 634 1414 „durando
656 1342 734 1414 cst“,
760 1353 789 1403 ut
811 1343 940 1414 debebat,
970 1361 1002 1399 cr
1024 1360 1111 1416 nequo
1135 1344 1297 1418 respondet,
1322 1343 1436 1414 deinde,
1464 1343 1491 1399 id

320 1427 392 1501 qnod
415 1444 472 1483 rem
493 1427 611 1497 conficit,
636 1437 663 1485 et
686 1429 928 1496 diodorus‚·coius
952 1430 1054 1484 oriomu
1069 1428 1162 1485 Cicero
1185 1429 1212 1484 Ιι.
1229 1428 1247 1484 Ι.
1270 1430 1362 1485 iocose
1384 1429 1412 1484 in
1428 1429 1492 1483 Vor-

319 1513 394 1568 ronis
417 1512 559 1569 adventum
583 1516 726 1578 convertit,
749 1515 807 1589 ipse
831 1521 901 1569 toste
917 1513 1068 1569 dtexsndro
1090 1506 1235 1586 Aphrodis.
1262 1511 1295 1586 (v.
1319 1507 1399 1585 Viet.)
1424 1512 1491 1568 dirtt

319 1591 453 1653 δυνατόν
467 1605 494 1653 et
509 1589 661 1653 ἀδύνατον
677 1590 760 1671 (midi
783 1591 940 1671 δυνατόν),
964 1614 1018 1653 non
1040 1601 1125 1671 „cuv
1138 1588 1331 1671 oiduudmrv“,
1354 1605 1381 1652 et
1395 1596 1490 1653 Cicero

319 1683 377 1755 ipse
399 1681 506 1738 liiedori
531 1681 608 1738 verba
630 1681 723 1739 Latine
752 1685 932 1755 interpretans
956 1679 1004 1755 (de
1028 1681 1093 1738 Fato
1118 1683 1156 1741 13
1179 1692 1207 1739 et
1231 1682 1300 1756 17J:
1330 1682 1490 1754 „diodorus

320 1766 345 1822 id
368 1784 392 1821 s.
413 1768 482 1839 ficri
499 1783 586 1837 posse
609 1763 647 1843 (ot
671 1760 803 1823 δυνατὸν
823 1756 909 1840 εἶναι)
932 1767 996 1823 dicit
1012 1811 1021 1839 ,
1037 1808 1044 1822 .
1061 1766 1119 1823 fieri
1141 1784 1252 1824 neeesse
1275 1783 1335 1824 esse
1358 1809 1390 1822 ..
1413 1766 1490 1839 quid·

320 1850 384 1924 quid
407 1869 464 1909 uon
487 1853 522 1907 sit
542 1852 687 1923 futurum,
710 1853 736 1907 id
759 1860 846 1926 nequi
866 1855 934 1924 fieri
951 1866 1038 1923 posse
1062 1848 1102 1921 (οε
1124 1843 1277 1908 ἀδύνατον
1292 1852 1333 1908 vel
1349 1842 1420 1909 ouidi
1435 1846 1490 1907 διι-

320 1930 412 1991 ναιόν
433 1948 509 2009 φησι
531 1925 628 2012 εἶναι).
673 1936 708 2013 Μ,
731 1946 761 1993 ut
782 1938 851 1993 inira
874 1927 1027 1992 ἀδύνατον
1049 1936 1198 1992 oberrando
1221 1936 1251 1992 nd
1276 1937 1401 2010 superius
1417 1926 1490 1992 ddi-

239 2056 243 2064 ·
320 2037 410 2077 νατον
432 2039 481 2095 pro
505 2016 593 2094 driu,
621 2024 661 2078 sic
682 2023 709 2079 h.
733 2023 750 2078 l.
774 2031 801 2078 et
824 2030 866 2078 est
888 2039 937 2095 pro
962 2037 992 2078 cs
1023 2021 1057 2077 ob
1080 2038 1121 2095 sq.
1147 2029 1189 2078 est
1217 2031 1244 2077 et
1271 2011 1433 2079 ἀδυνάτων
1456 2020 1490 2076 ob

319 2106 481 2179 praecedens
504 2101 643 2163 dvroirmr
665 2109 781 2181 scripsit.

403 2193 465 2259 Ep.
489 2197 519 2250 6.
543 2197 562 2248 3
585 2208 638 2266 ego
662 2208 772 2266 quoque
794 2209 827 2247 cs
849 2189 877 2248 L.
902 2190 974 2261 conj.
996 2193 1155 2264 scripseram
1178 2209 1263 2264 quum
1286 2192 1359 2247 iliud
1383 2195 1402 2245 i.
1429 2209 1489 2246 mu·

320 2280 378 2334 ium
402 2273 500 2348 (vulgo
523 2293 555 2332 ex
578 2276 616 2331 tt:
640 2294 726 2349 qnam
749 2278 767 2332 i.
790 2281 809 2334 i.
832 2272 884 2351 m.)
908 2284 936 2332 et
958 2291 990 2331 es
1013 2291 1087 2348 men,
1117 2284 1153 2331 ut
1174 2293 1246 2331 nune
1267 2275 1296 2329 Β.
1325 2292 1358 2330 es
1381 2274 1490 2345 Klotzii,

319 2364 437 2418 interitui
460 2377 509 2434 pro
525 2364 652 2430 interitu,
677 2360 818 2430 sedidem,
845 2370 873 2417 ut
890 2377 1000 2417 necesse
1016 2369 1068 2430 est,
1090 2363 1129 2428 sie
1145 2360 1333 2416 distinxerant:
1358 2376 1406 2433 „q
1422 2359 1490 2415 iliud
1567 2430 1570 2437 Ἰ

320 2445 359 2517 (ιιι
384 2445 512 2516 „vincere
534 2454 580 2500 ont
603 2446 653 2501 hos
676 2453 722 2500 ortt
744 2439 837 2518 iilos“)
861 2448 877 2501 i.
903 2463 938 2505 m.
963 2441 1009 2519 (se.
1034 2461 1110 2515 esse,
1142 2443 1215 2519 qnod
1238 2461 1270 2501 ex
1292 2461 1333 2517 sq.
1357 2459 1421 2505 esse
1444 2461 1490 2500 au·

320 2525 414 2603 ditur),
437 2528 473 2585 alt
489 2571 495 2585 .
514 2571 520 2586 .
538 2528 709 2599 interitum“,
732 2546 792 2586 nam
815 2533 857 2588 ott
874 2574 880 2586 .
899 2573 905 2587 .
923 2534 973 2587 int.
998 2546 1047 2603 per
1070 2530 1232 2604 epexegesim
1262 2529 1293 2585 nei
1321 2531 1394 2585 ittud
1416 2528 1489 2586 eddi·

321 2625 376 2670 tum
399 2622 450 2670 cst.
481 2642 520 2652 -
548 2619 580 2675 4.
609 2615 637 2670 B.
662 2631 693 2670 ex
717 2615 757 2669 M:
786 2618 934 2686 duxerim,
958 2617 1035 2688 quod
1055 2657 1087 2670 ..
1111 2616 1326 2685 anteponendo,
1350 2616 1489 2684 equidem.

319 2698 354 2755 Ut
375 2714 490 2769 semper
512 2716 573 2755 cum
596 2701 661 2771 „his
684 2699 791 2770 temp.“
815 2702 908 2774 parum
924 2701 1086 2757 conveniens
1104 2700 1242 2770 omittam,
1266 2698 1330 2772 quid
1349 2700 1376 2753 in
1391 2697 1489 2759 Baiteri

319 2783 494 2840 distinetione
517 2783 568 2839 siti
591 2783 648 2840 vult
671 2786 799 2857 equidem
821 2795 885 2858 post
909 2781 979 2859 (eqo)
1003 2786 1136 2841 duxerim
1160 2784 1228 2839 mole
1243 2784 1489 2857 supervacaneum?

319 2867 392 2943 Ego:
414 2864 599 2939 iduuerim,
622 2871 699 2943 quod
715 2911 746 2931 ..
768 2877 866 2942 entep.
889 2872 1037 2944 Equidem.
1082 2869 1195 2941 Scripsit
1220 2868 1314 2924 Cicero
1342 2869 1489 2939 duxerim,

320 2962 378 3011 tum
401 2956 477 3025 quod
499 2952 564 3028 (vel,
588 2963 618 3009 ut
641 2954 720 3023 tien,
742 2956 824 3026 duxi,
848 2963 906 3011 tum
929 2950 967 3026 q.)
992 2961 1097 3010 ..ont
1115 2954 1176 3025 eq.
1199 2960 1246 3008 nut
1268 2955 1413 3026 duxerim,
1431 2960 1490 3008 tum

320 3056 397 3095 inune
418 3042 588 3109 maximum,
613 3058 672 3111 q..
695 3046 755 3094 oret.
777 3040 833 3113 Ep.
854 3040 974 3096 similene
994 3038 1104 3112 aliquid.
1142 3037 1181 3093 Gi.
1208 3035 1295 3109 14,4
1318 3037 1439 3109 „Quum
1463 3046 1490 3093 te

319 3138 433 3196 semper
455 3121 603 3194 dilexerim,
626 3131 684 3179 tum
706 3124 750 3179 dis
773 3132 793 3178 t.
817 3124 836 3180 i.
859 3140 881 3179 s.
904 3125 956 3180 inc.
980 3122 1071 3179 smn“.
1109 3121 1145 3177 ite
1167 3138 1245 3179 stunc
1268 3124 1341 3178 druco
1363 3138 1396 3177 er
1417 3138 1488 3178 sem·

313 3224 373 3281 per
394 3209 477 3278 duxi,
500 3206 633 3262 audiendo
656 3207 691 3263 es.
717 3207 765 3278 16,
789 3208 807 3264 3
831 3218 858 3264 et
880 3225 941 3263 omn
966 3208 997 3264 ud
1020 3207 1041 3279 l,
1065 3208 1094 3277 9,
1111 3207 1162 3276 23,
1185 3206 1268 3264 ilndv.
1285 3207 1303 3278 S
1319 3205 1391 3277 478,
1416 3223 1441 3262 ιι.
1461 3208 1488 3263 1.

319 3294 481 3366 „Equidem
498 3287 557 3367 (3⁰3)
574 3289 769 3369 menipiieuii'.
787 3336 794 3348 .
815 3303 884 3366 puto
902 3335 909 3350 .
925 3336 932 3348 .
949 3292 1064 3348 νιιιιιιιι
1088 3286 1139 3366 (=
1155 3290 1285 3365 Equidem
1300 3307 1403 3361 eornm,
1419 3307 1489 3364 quoe

321 3387 350 3434 tu
372 3375 527 3433 consideres
551 3384 720 3449 tractosque,
743 3384 770 3432 et
793 3394 871 3433 nsum
894 3386 921 3433 et
944 3377 1149 3434 delectationem
1173 3374 1298 3432 omnihus
1320 3376 1438 3431 istorum
1461 3384 1488 3431 et

319 3464 385 3518 actis
408 3470 436 3517 et
458 3460 643 3535 voluptatibus
666 3456 833 3535 antepono)
852 3464 891 3518 sio
913 3470 987 3519 reete
1009 3463 1152 3534 restringit
1174 3459 1240 3516 iilud
1263 3476 1409 3534 „quornm
1431 3502 1488 3517 ...

319 3544 441 3618 uutep.“
485 3545 520 3601 De
544 3549 614 3602 erim
636 3563 685 3620 pro
709 3550 791 3603 itum
814 3546 849 3603 ei.
873 3545 903 3616 5,
928 3545 971 3602 uti
993 3544 1017 3601 Μ
1040 3548 1169 3616 eandem,
1192 3559 1221 3600 o:
1246 3553 1276 3602 ut
1298 3560 1350 3619 ego
1367 3552 1394 3600 et
1410 3544 1438 3599 tt.
1456 3561 1488 3600 es

320 3630 403 3687 debu.
428 3630 511 3702 conj,
534 3633 678 3704 quondum
702 3626 741 3705 (oe
764 3646 819 3688 non
842 3628 1012 3706 legitimam),
1036 3631 1099 3702 7,2
1124 3631 1159 3706 (Μ
1174 3645 1294 3700 sosmus,
1317 3644 1345 3684 o:
1369 3629 1488 3701 scimus,

319 3723 444 3772 sexcenta
468 3715 525 3769 eliu.
570 3715 607 3772 De
630 3718 779 3785 duxerim,
803 3722 861 3773 tum
883 3715 919 3773 ci.
942 3715 1028 3773 Deiot.
1054 3715 1092 3772 12
1117 3715 1171 3787 „ud
1194 3731 1274 3788 quem
1298 3730 1381 3788 quum
1403 3713 1430 3769 di
1454 3755 1487 3770 ..

321 3800 409 3857 omnia
432 3815 457 3854 o.
483 3804 701 3873 eouqessissent,
726 3808 784 3857 tum
802 3809 832 3856 tn
849 3842 856 3855 .
873 3843 879 3855 .
897 3800 1030 3857 ιιιιιιιιιιιιιι
1053 3797 1105 3875 (sc.
1129 3796 1322 3873 couqessisti),
1344 3798 1378 3853 nt.
1422 3798 1489 3855 Post

319 3884 461 3942 duxeriM
473 3884 597 3940 excidere
613 3893 670 3942 tum
690 3902 768 3943 nune
783 3884 943 3942 maximuM
958 3884 1034 3942 focile
1048 3886 1148 3959 potnit.
1170 3914 1211 3924 —
1233 3888 1265 3940 6.
1289 3882 1388 3955 tntgo:
1412 3899 1488 3957 quoe

320 3971 458 4042 temporis
485 3966 638 4041 diriuspci.
661 3970 718 4026 dtt.
741 3969 800 4040 xit,
824 3968 882 4041 40,
906 3968 935 4040 3)
958 3970 1024 4027 siut.
1068 3970 1148 4043 Vide,
1177 3986 1211 4025 ne
1233 3968 1325 4024 Cicero
1348 3969 1489 4042 scripserit

319 4062 396 4126 sum,
420 4053 470 4109 etsi
494 4038 634 4109 diversitos
657 4054 800 4111 modorum
823 4053 931 4112 defendi
953 4064 1054 4129 potest,
1078 4056 1178 4130 quippe
1201 4069 1284 4127 quum
1307 4053 1373 4108 imec
1395 4062 1423 4109 et
1444 4070 1487 4127 sq.

320 4139 454 4196 sententio
477 4154 531 4194 uon
554 4156 667 4213 prorsus
691 4157 722 4196 cs
745 4155 831 4213 nequo
854 4141 958 4214 positae
981 4139 1043 4195 sint.
1089 4138 1189 4196 Deinde
1211 4138 1249 4208 tt,
1273 4145 1303 4192 nt
1326 4137 1387 4193 0r.:
1411 4155 1488 4211 quoe

319 4221 338 4297 †
361 4232 411 4281 tuo
434 4225 563 4282 erudiero.
609 4222 682 4297 Ego:
706 4242 732 4298 q.
749 4238 766 4275 s
782 4233 826 4280 tun
848 4222 867 4297 †
887 4227 1020 4295 audium
1044 4226 1108 4281 mihi
1124 4224 1212 4294 enim,
1234 4231 1264 4278 nt
1279 4222 1377 4279 editori
1391 4222 1486 4300 Neop,

320 4325 478 4383 persuasum
502 4318 544 4365 est
566 4309 697 4366 excidisse
719 4309 832 4382 aliquid:
856 4309 901 4366 iile
924 4318 987 4383 post
1010 4317 1060 4366 tuo
1076 4308 1177 4366 addidit
1192 4311 1342 4378 interesse,
1365 4323 1419 4382 ego
1434 4309 1487 4364 iam

321 4392 386 4450 olim
408 4394 575 4461 conieceram
596 4401 657 4450 ante
683 4394 744 4451 Tuo
768 4395 897 4452 omissum
919 4411 980 4451 csse
1006 4395 1044 4451 Te
1058 4397 1136 4452 scire
1155 4396 1295 4450 iuteresse
1317 4401 1344 4448 et
1368 4390 1408 4469 (nt
1424 4391 1487 4451 Seh.
