3262 5106
463 373 648 441 Epistolarrun
667 373 703 425 ad
720 372 850 426 Atticam.
886 372 970 426 Liber
987 373 1066 430 xm.
1287 368 1348 437 133

265 535 328 602 Ep.
350 537 404 591 30.
428 536 457 591 1.
501 531 606 607 Vulgoz
629 528 791 589 auctionem
813 532 927 589 biduum
949 525 1109 606 (susara).
1153 528 1226 605 ligo:
1254 548 1284 589 a.
1308 532 1349 589 lu‘·

185 613 265 693 daal:
289 635 348 674 nam
372 617 507 675 Ciceronis
529 619 647 675 Atticum
663 615 738 673 avide
755 618 937 690 exspectantis
952 633 1007 673 non
1025 626 1077 673 tam
1092 618 1240 687 intererats
1255 632 1348 691 quam·

184 703 228 759 diu
250 704 339 760 auctio
361 703 406 759 illa
429 709 502 759 esset
524 703 626 774 iutura,
649 719 728 776 quam
752 702 876 776 quando,
898 709 938 775 et,
961 701 993 773 si,
1018 710 1047 757 ut
1069 699 1128 758 vult
1150 700 1230 773 itan,
1252 702 1348 759 lrarto·

183 807 244 846 rum
268 788 480 862 Scapulanorum
503 788 593 843 auctio
617 795 682 858 erat,
706 788 814 859 mirum,
836 787 859 841 si
882 803 912 843 ea
934 803 991 843 uuo
1013 786 1056 842 die
1072 784 1142 842 [iniri
1159 802 1214 842 nau
1229 794 1348 859 poterat.

182 871 249 929 Man.
273 873 380 929 confert
403 872 446 945 lV,
470 872 521 943 12,
544 871 589 928 ubi
611 889 664 946 ego
687 888 747 927 com
770 871 861 928 Lamb.
886 888 917 927 er
940 887 995 927 uno
1018 870 1077 928 llal.
1100 871 1142 926 cd.
1167 879 1195 927 et
1216 870 1248 925 Z:
1272 870 1347 944 „lla-

182 960 256 1014 croni
278 960 320 1013 rix
343 958 437 1014 videor
458 966 566 1031 praesto
590 973 649 1021 esse
670 973 772 1029 passm·
799 957 898 1014 idibus
920 959 992 1013 enim
1016 957 1168 1011 auctionem
1197 953 1246 1027 (sc.
1267 953 1347 1028 fore)

181 1040 268 1098 Carini
291 1042 380 1115 rideo,
403 1050 431 1098 et
454 1041 563 1097 biduum
586 1041 747 1116 praeterea“
770 1038 855 1115 (illiti
878 1057 931 1097 om.
953 1038 1346 1113 posseldibus31acesse;

180 1128 280 1186 Idibus
293 1131 382 1196 euim3
398 1127 427 1183 B.
442 1125 561 1183 inaudita
575 1126 677 1199 ellipsi:
689 1143 738 1198 pr.
756 1156 796 1168 —
807 1143 846 1184 sc.
857 1141 920 1183 esse
933 1142 1019 1198 posse
1030 1147 1087 1193 —;
1104 1141 1167 1183 esse
1183 1128 1256 1180 enim
1271 1144 1300 1181 a.
1312 1125 1346 1182 t.
1365 1162 1376 1177 ,

181 1232 206 1271 u.
230 1221 258 1269 et
280 1215 306 1270 b.
324 1212 403 1285 pr.);
426 1211 474 1268 sed
497 1210 533 1267 ibi
548 1210 638 1268 Lumb.
663 1211 695 1267 ad
712 1213 826 1268 biduum
840 1220 914 1267 recte
930 1210 1043 1267 audivit:
1065 1211 1169 1267 Larini
1190 1211 1259 1267 milti
1273 1226 1347 1267 com·

180 1286 349 1355 morandum
371 1304 421 1353 est.
453 1325 497 1339 -
529 1301 563 1367 3„
595 1297 661 1354 Volo
685 1299 808 1368 aliquem
829 1292 849 1368 †
874 1295 1005 1367 Olympia
1029 1295 1078 1367 (sic
1099 1290 1202 1367 MRloc)
1226 1303 1277 1351 unt
1300 1296 1349 1352 ubi

180 1387 278 1440 usum.
323 1380 394 1457 ligo:
426 1382 456 1439 V.
480 1400 508 1438 u.
526 1380 683 1455 'Olympiae
707 1378 754 1454 (sie
769 1391 830 1438 ante
846 1380 865 1436 B
887 1380 968 1454 vulgo
990 1397 1023 1436 ex
1038 1379 1163 1436 facillima
1178 1379 1245 1435 Man.
1259 1379 1346 1452 conj.)

179 1474 240 1537 aut,
262 1469 312 1525 udi
330 1468 385 1524 erit
400 1468 469 1524 milri
485 1470 582 1524 uisum.
622 1465 656 1522 lle
671 1468 804 1523 sententia
821 1464 873 1522 vid.
892 1466 999 1521 Rosium
1022 1474 1049 1522 et
1063 1463 1127 1520 Ern.
1151 1474 1179 1521 et
1193 1463 1230 1521 cl.
1247 1462 1299 1537 32,
1315 1463 1345 1524 3.

179 1551 283 1609 Excidit
304 1551 430 1608 facillime
454 1555 508 1607 erit
529 1552 604 1608 milrl
625 1559 688 1624 post
711 1551 779 1620 κως
808 1551 860 1606 etsi
888 1552 956 1607 miti
984 1550 1099 1607 sortasse
1127 1550 1213 1605 audiri
1239 1550 1346 1624 potuit;

179 1637 226 1694 sed
248 1655 263 1693 a
285 1636 422 1693 Ciceronis
445 1636 552 1710 quidem
576 1652 627 1693 usu
651 1636 730 1709 plane
752 1635 881 1692 abhorret
904 1639 958 1692 erit
981 1651 1091 1710 quoque
1113 1635 1216 1691 audire.

262 1725 326 1790 Ep.
347 1725 399 1779 31.
423 1725 452 1778 1.
498 1721 598 1795 Vulgo:
621 1736 728 1777 morae.
766 1721 858 1789 Quum
871 1723 983 1793 poteris
997 1724 1085 1795 initur
1106 1721 1156 1793 (sc.
1179 1722 1286 1792 uenies,
1308 1719 1344 1777 ci.

180 1807 230 1871 29.
256 1806 275 1863 3
298 1808 358 1877 sed,
381 1810 407 1864 si
424 1807 545 1878 poteris,
568 1823 608 1861 sc.
631 1809 693 1877 ipse
717 1806 830 1877 uenies),
855 1809 989 1878 quoniam
1013 1807 1165 1861 etiamdum
1181 1806 1258 1861 abes.
1280 1804 1345 1861 Dic.

178 1891 298 1948 Pessime
320 1890 468 1947 abundaret
489 1909 517 1964 q.
541 1905 565 1947 e.
590 1909 628 1960 a.,
652 1889 676 1944 si
699 1907 759 1947 curn
782 1909 809 1963 q.
828 1907 862 1961 p.
879 1894 898 1945 i.
923 1888 1091 1964 iungendum
1112 1898 1195 1945 esset.
1233 1889 1290 1963 Ego
1313 1905 1346 1946 ex

177 1975 263 2033 iladv.
288 1992 377 2035 corn:
399 1994 451 2032 m:
473 1994 500 2049 q.
519 1993 552 2047 p.
575 1978 672 2049 initur.
712 1975 851 2044 Quoniam
875 1977 1029 2031 etiamnum
1052 1969 1215 2048 (etiamnum
1230 1973 1282 2029 iam
1299 1972 1344 2031 0r.

178 2059 274 2132 voluit)
304 2079 350 2131 a,
375 2059 424 2131 lt,
451 2074 480 2115 e:
506 2057 639 2127 Quoniam
662 2068 689 2115 te
710 2063 803 2132 ipsum
826 2058 924 2114 habere
947 2058 1068 2116 nondum
1089 2075 1218 2132 possum,
1249 2058 1344 2115 saltem

177 2146 357 2203 Dicaearchi
377 2147 467 2202 libros
488 2145 551 2200 mihi
574 2146 661 2202 mitte.
707 2146 870 2201 Etiamdum
885 2143 993 2218 quidem
1009 2141 1150 2199 barbarum
1166 2150 1222 2198 est:
1246 2147 1344 2200 etiam·

177 2248 243 2287 num
266 2230 437 2287 Ciceroniana
460 2231 510 2299 sit,
539 2228 660 2285 dubitare
682 2227 759 2301 licet,
791 2245 874 2302 quare
898 2227 957 2283 ride
980 2245 1014 2284 ue
1036 2243 1070 2283 er
1092 2227 1177 2284 altera
1199 2226 1245 2284 Or.
1270 2227 1343 2299 couJ'.

176 2315 348 2372 scribendum
371 2316 407 2370 sit
429 2319 514 2372 etiam
536 2331 623 2371 nunc.
659 2343 700 2353 -
737 2319 769 2371 3.
793 2313 894 2387 Vulgo:
920 2313 961 2369 De
983 2315 1106 2384 epistola
1129 2314 1168 2369 ad
1190 2310 1345 2370 Caesarem

177 2394 332 2475 κέκρικα
361 2399 405 2471 (ot
435 2399 541 2455 decrevi
563 2396 698 2454 eam'non
720 2393 847 2469 mittere).
891 2398 985 2470 Atque
1008 2395 1050 2472 tit:
1073 2415 1118 2469 u.‚
1142 2394 1181 2472 a.)
1205 2399 1241 2454 id.
1286 2397 1344 2472 Ego

161 2503 209 2558 *ex
230 2486 338 2559 Atqull
356 2486 393 2541 ld
414 2484 465 2540 ieci
487 2483 583 2557 Atqu]
600 2484 638 2539 ld
658 2482 807 2558 (Atquld);
830 2499 920 2556 neque
942 2483 1027 2552 enim,
1050 2480 1124 2556 quod
1146 2483 1288 2556 sequitur,
1311 2481 1344 2538 ad

175 2570 220 2627 De
242 2586 288 2643 ep.
311 2572 351 2626 ad
372 2567 401 2626 C.
425 2586 453 2625 n.
475 2568 647 2643 adiungitur,
674 2569 722 2625 sed
745 2572 781 2641 ei,
809 2567 883 2642 quod
904 2566 997 2624 Cicero
1027 2568 1168 2641 epistolam
1192 2567 1265 2624 illam
1287 2586 1344 2625 non

175 2659 288 2712 mittere
310 2654 475 2726 decreverat,
498 2655 661 2727 apparitore
685 2656 775 2727 potuit
798 2655 877 2709 etiam
900 2652 953 2708 dici
975 2652 1040 2709 Etsi
1059 2655 1097 2709 id.

259 2742 323 2807 Ep.
345 2742 397 2795 32.
421 2742 452 2794 3.
497 2738 525 2793 Β.
549 2754 580 2794 er
603 2754 661 2793 mea
683 2738 754 2810 conj.
777 2735 845 2812 (lim.
868 2755 895 2810 p.
921 2735 989 2809 15),
1013 2745 1043 2792 ut
1065 2745 1128 2794 ante
1151 2736 1219 2793 Cum
1241 2736 1345 2795 addidit

177 2824 252 2899 Cos,
276 2824 312 2881 ita
333 2823 430 2879 addere
452 2823 485 2878 L.
509 2830 571 2878 ante
592 2822 713 2879 Luculla
736 2821 838 2879 debuit.

259 2911 322 2978 Ep.
344 2912 396 2964 33.
420 2911 450 2963 2.
496 2907 598 2963 Excidit
624 2917 688 2981 post
711 2905 877 2980 caspeCTO
905 2907 964 2961 sine
986 2903 1068 2961 dubio
1090 2906 1157 2962 hoc:
1185 2904 1229 2961 Ile
1251 2905 1284 2962 X
1301 2909 1341 2964 le-

174 2999 250 3068 uatis
272 2997 298 3049 si
318 2990 491 3063 nullaene,
514 2993 615 3047 utiam
639 2991 702 3048 Sch.
726 2992 828 3060 voluit,
852 2980 901 3046 sed
921 2991 944 3045 is
967 2991 1025 3045 sine
1048 2993 1085 3061 si,
1113 2990 1187 3065 quod
1210 2991 1341 3047 omissum

177 3077 222 3153 (ci.
246 3077 330 3134 Madv.
357 3077 375 3149 (3
398 3074 470 3147 442,
495 3093 519 3148 a,
541 3093 568 3132 n.
594 3074 622 3149 2)
646 3078 786 3151 emphasin
802 3076 828 3130 h.
844 3075 862 3131 l.
887 3075 978 3131 salsam
994 3074 1114 3131 haberet.
1151 3075 1187 3131 Ile
1202 3076 1341 3134 Antioclro

174 3165 210 3221 cl.
235 3162 307 3238 quod
337 3160 370 3217 de
398 3161 489 3217 eadem
517 3178 547 3216 re
569 3160 638 3217 inira
661 3163 799 3236 sequitur:
828 3167 859 3217 tu
886 3162 922 3217 de
950 3160 1090 3217 Antiocho
1119 3164 1196 3218 scire
1219 3164 1340 3232 pateris.

174 3248 304 3305 Similiter
325 3245 416 3321 paullo
439 3255 502 3319 post
524 3246 621 3302 excidit
635 3246 668 3303 L.
684 3245 835 3305 MummIO
856 3254 920 3322 post
937 3243 1084 3303 dometio
1106 3254 1134 3301 et
1155 3251 1242 3319 atque
1258 3249 1342 3303 etiam

193 3343 236 3390 ost
259 3335 352 3388 etiam.

173 3352 191 3409 p
258 3419 320 3486 Ep.
344 3419 386 3473 35
409 3423 437 3472 et
458 3420 510 3472 36.
533 3419 565 3473 3.
608 3414 674 3472 Post
696 3414 790 3472 audiO
812 3414 901 3471 addidi
924 3413 981 3484 e03
1011 3416 1106 3472 mirum
1129 3414 1199 3469 enim
1222 3420 1297 3485 erat,
1319 3414 1343 3469 si

174 3502 267 3559 Cicero
289 3501 444 3575 scripsisset
466 3499 574 3574 EOque
596 3500 664 3558 milri
684 3502 836 3559 iucundius
859 3508 886 3557 et
909 3502 1074 3571 certiusque
1097 3496 1164 3568 EO,
1192 3497 1242 3554 sed
1264 3495 1346 3557 Hoc

174 3608 202 3645 a.
225 3589 369 3658 libentius,
392 3586 484 3642 audire
505 3587 576 3642 enim
599 3601 631 3642 aa
653 3593 716 3642 ante
738 3602 793 3659 qua
809 3583 947 3642 Ciceronis
969 3584 1012 3639 vin
1034 3592 1087 3657 est,
1109 3598 1198 3657 neque
1214 3599 1278 3641 vero
1294 3581 1344 3641 ob·

172 3675 273 3730 lectum
295 3673 381 3727 audio
404 3668 476 3726 verbi
499 3671 526 3728 h.
550 3671 569 3727 l.
593 3669 690 3727 deesse
711 3677 812 3745 potest.

257 3760 320 3826 up.
342 3758 392 3812 38.
413 3758 444 3813 3.
488 3754 592 3831 Vulgo:
616 3762 711 3812 utrum
733 3759 751 3812 i.
776 3756 926 3812 Asturae?
961 3752 1021 3810 Non
1043 3753 1106 3813 licet
1127 3770 1188 3810 cum
1203 3751 1271 3812 Man.
1294 3770 1342 3812 au·

172 3842 245 3899 dire:
269 3840 386 3912 „melius
409 3847 482 3896 esset
504 3838 567 3911 (est)
591 3838 720 3908 Quintum
743 3837 897 3915 excipere“.
942 3838 1014 3914 Ego:
1042 3840 1155 3898 Astura
1176 3839 1226 3910 (sc.
1250 3832 1346 3899 disca-=

172 3929 238 3984 dum
260 3943 295 3983 an
317 3925 360 3981 hic
382 3955 422 3966 -
444 3926 472 3980 in
494 3924 647 3982 Tusculano
669 3955 712 3967 -
733 3922 884 4001 maneam);
907 3924 943 3983 cl.
966 3921 1017 3997 34,
1042 3926 1070 3994 1,
1094 3924 1140 3981 ubi
1161 3922 1186 3979 tt
1208 3927 1343 3985 adstare

173 4015 247 4084 ueni,
270 4010 292 4066 R
314 4010 441 4067 Asturae
464 4029 488 4066 u.
510 4027 561 4085 pro
583 4012 722 4068 Asturam
744 4030 769 4068 a.

255 4097 318 4164 Ep.
341 4098 393 4151 39.
437 4093 495 4169 Ego
523 4111 556 4151 ea
583 4112 641 4152 mea
669 4095 817 4171 eademque
847 4094 939 4152 Orellii
968 4095 1042 4169 conj.
1065 4101 1127 4152 ante
1150 4087 1343 4163 Παλλάδος

172 4180 261 4238 addidi
288 4174 376 4250 περί
378 4222 388 4252 ,
419 4187 448 4235 ut
481 4179 515 4236 de
542 4179 649 4237 duabus
685 4180 837 4238 llicaearchi
869 4180 993 4258 scriptis,
1028 4183 1115 4240 altera
1149 4172 1216 4254 περὶ
1247 4179 1341 4252 θεῶν,

171 4266 258 4323 altero
280 4281 312 4323 m.
330 4260 371 4322 Π.
396 4263 480 4335 32,1
506 4280 569 4321 rero
594 4259 784 4339 (Dicaearchi
803 4257 887 4341 περὶ
909 4263 1032 4342 mauric
1055 4271 1193 4339 utrasque
1214 4283 1240 4323 a.
1256 4283 1292 4323 m.
1314 4273 1342 4325 et

170 4343 370 4424 καταβάσεως)
394 4348 511 4406 breviter
532 4349 634 4406 dictum
657 4358 700 4407 est
720 4368 796 4407 κατ.
820 4371 858 4411 sc.
881 4354 988 4410 librum
1012 4349 1092 4428 (sicut
1111 4351 1186 4408 liber
1207 4348 1342 4409 Consola-

171 4438 267 4508 tionis,
289 4434 361 4507 alia)‚
383 4457 425 4481 =
447 4433 511 4495 Ilia.
535 4428 766 4512 Karidacrm
788 4436 825 4496 cl.
849 4436 901 4511 31,
925 4437 959 4512 2,
983 4435 1037 4514 33,
1058 4433 1088 4492 3.
