<?xml version="1.0" encoding="UTF-8"?>
<!DOCTYPE html PUBLIC "-//W3C//DTD XHTML 1.0 Transitional//EN"
    "http://www.w3.org/TR/xhtml1/DTD/xhtml1-transitional.dtd">
<html xmlns="http://www.w3.org/1999/xhtml" xml:lang="en" lang="en">
 <head>
  <title>
</title>
<meta http-equiv="Content-Type" content="text/html;charset=utf-8" />
  <meta name='ocr-system' content='tesseract 3.04.00' />
  <meta name='ocr-capabilities' content='ocr_page ocr_carea ocr_par ocr_line ocrx_word'/>
</head>
<body>
  <div class='ocr_page' id='page_1' title='image "./emendationesalt00wesegoog/emendationesalt00wesegoog_0045.png"; bbox 0 0 3256 5104; ppageno 0'>
   <div class='ocr_carea' id='block_1_1' title="bbox 286 371 1170 440">
    <p class='ocr_par' dir='ltr' id='par_1_1' title="bbox 286 371 1170 440">
     <span class='ocr_line' id='line_1_1' title="bbox 286 371 1170 440; baseline -0.001 -14"><span class='ocrx_word' id='word_1_1' title='bbox 286 371 329 436; x_wconf 82' lang='lat'>42</span> <span class='ocrx_word' id='word_1_2' title='bbox 573 373 717 440; x_wconf 74' lang='lat' dir='ltr'>Epistulae</span> <span class='ocrx_word' id='word_1_3' title='bbox 738 375 773 425; x_wconf 83' lang='lat' dir='ltr'>sd</span> <span class='ocrx_word' id='word_1_4' title='bbox 791 374 959 424; x_wconf 72' lang='lat' dir='ltr'><strong>Familiares.</strong></span> <span class='ocrx_word' id='word_1_5' title='bbox 995 373 1077 424; x_wconf 85' lang='lat' dir='ltr'>Liber</span> <span class='ocrx_word' id='word_1_6' title='bbox 1095 372 1170 426; x_wconf 85' lang='lat' dir='ltr'>XliI.</span> 
     </span>
    </p>
   </div>
   <div class='ocr_carea' id='block_1_2' title="bbox 282 529 1456 1628">
    <p class='ocr_par' dir='ltr' id='par_1_2' title="bbox 286 529 1456 1201">
     <span class='ocr_line' id='line_1_2' title="bbox 287 529 1455 606; baseline -0.001 -17"><span class='ocrx_word' id='word_1_7' title='bbox 287 532 454 604; x_wconf 79' lang='lat' dir='ltr'>blandinae,</span> <span class='ocrx_word' id='word_1_8' title='bbox 470 532 512 602; x_wconf 84' lang='lat' dir='ltr'>ix,</span> <span class='ocrx_word' id='word_1_9' title='bbox 526 530 634 603; x_wconf 63' lang='lat' dir='ltr'>aaa</span> <span class='ocrx_word' id='word_1_10' title='bbox 653 531 702 602; x_wconf 81' lang='lat'>12,</span> <span class='ocrx_word' id='word_1_11' title='bbox 717 531 748 606; x_wconf 81' lang='lat' dir='ltr'>i,</span> <span class='ocrx_word' id='word_1_12' title='bbox 767 529 797 601; x_wconf 87' lang='lat' dir='ltr'>ii,</span> <span class='ocrx_word' id='word_1_13' title='bbox 814 529 843 604; x_wconf 83' lang='lat'>4,</span> <span class='ocrx_word' id='word_1_14' title='bbox 862 531 912 600; x_wconf 91' lang='grc'>10,</span> <span class='ocrx_word' id='word_1_15' title='bbox 933 530 977 603; x_wconf 87' lang='lat' dir='ltr'>xi,</span> <span class='ocrx_word' id='word_1_16' title='bbox 994 529 1022 602; x_wconf 86' lang='grc'>6,</span> <span class='ocrx_word' id='word_1_17' title='bbox 1040 530 1067 601; x_wconf 78' lang='lat'>2,</span> <span class='ocrx_word' id='word_1_18' title='bbox 1090 530 1143 602; x_wconf 89' lang='lat' dir='ltr'>iiii,</span> <span class='ocrx_word' id='word_1_19' title='bbox 1160 531 1212 603; x_wconf 79' lang='lat'>26,</span> <span class='ocrx_word' id='word_1_20' title='bbox 1229 530 1258 601; x_wconf 81' lang='lat'>2,</span> <span class='ocrx_word' id='word_1_21' title='bbox 1274 531 1341 604; x_wconf 85' lang='lat' dir='ltr'>XiV,</span> <span class='ocrx_word' id='word_1_22' title='bbox 1360 532 1409 603; x_wconf 84' lang='lat'>18,</span> <span class='ocrx_word' id='word_1_23' title='bbox 1424 531 1455 601; x_wconf 86' lang='grc'>4,</span> 
     </span>
     <span class='ocr_line' id='line_1_3' title="bbox 288 614 1456 693; baseline 0.001 -21"><span class='ocrx_word' id='word_1_24' title='bbox 288 619 362 674; x_wconf 84' lang='lat' dir='ltr'>verr.</span> <span class='ocrx_word' id='word_1_25' title='bbox 379 617 422 689; x_wconf 90' lang='lat' dir='ltr'>iV,</span> <span class='ocrx_word' id='word_1_26' title='bbox 438 616 490 693; x_wconf 81' lang='lat'>43,</span> <span class='ocrx_word' id='word_1_27' title='bbox 513 614 558 691; x_wconf 80' lang='lat' dir='ltr'>ai.)</span> <span class='ocrx_word' id='word_1_28' title='bbox 581 616 705 673; x_wconf 89' lang='lat' dir='ltr'>iecerunt</span> <span class='ocrx_word' id='word_1_29' title='bbox 727 619 907 686; x_wconf 64' lang='lat' dir='ltr'>essem-sed,</span> <span class='ocrx_word' id='word_1_30' title='bbox 923 634 989 688; x_wconf 91' lang='lat' dir='ltr'>non,</span> <span class='ocrx_word' id='word_1_31' title='bbox 1011 626 1041 672; x_wconf 91' lang='lat' dir='ltr'>ut</span> <span class='ocrx_word' id='word_1_32' title='bbox 1055 615 1152 688; x_wconf 72' lang='lat' dir='ltr'>blada,</span> <span class='ocrx_word' id='word_1_33' title='bbox 1168 616 1271 673; x_wconf 91' lang='lat' dir='ltr'>leniore</span> <span class='ocrx_word' id='word_1_34' title='bbox 1286 617 1456 673; x_wconf 73' lang='lat' dir='ltr'>correctione</span> 
     </span>
     <span class='ocr_line' id='line_1_4' title="bbox 287 700 1456 775; baseline -0.003 -16"><span class='ocrx_word' id='word_1_35' title='bbox 287 718 359 773; x_wconf 82' lang='lat' dir='ltr'>esse,</span> <span class='ocrx_word' id='word_1_36' title='bbox 375 705 433 760; x_wconf 85' lang='lat' dir='ltr'>sed.</span> <span class='ocrx_word' id='word_1_37' title='bbox 463 702 589 759; x_wconf 81' lang='lat' dir='ltr'>Ceterum</span> <span class='ocrx_word' id='word_1_38' title='bbox 604 701 638 758; x_wconf 90' lang='lat' dir='ltr'>de</span> <span class='ocrx_word' id='word_1_39' title='bbox 653 718 729 775; x_wconf 82' lang='lat' dir='ltr'>pune</span> <span class='ocrx_word' id='word_1_40' title='bbox 744 743 769 757; x_wconf 88' lang='lat'>..</span> <span class='ocrx_word' id='word_1_41' title='bbox 786 705 922 773; x_wconf 80' lang='lat' dir='ltr'>suspicor</span> <span class='ocrx_word' id='word_1_42' title='bbox 935 700 969 757; x_wconf 90' lang='lat' dir='ltr'>ei.</span> <span class='ocrx_word' id='word_1_43' title='bbox 986 700 1057 757; x_wconf 88' lang='lat' dir='ltr'>Laei.</span> <span class='ocrx_word' id='word_1_44' title='bbox 1076 701 1116 758; x_wconf 85' lang='lat'>10</span> <span class='ocrx_word' id='word_1_45' title='bbox 1130 700 1210 775; x_wconf 83' lang='lat' dir='ltr'>„Ego</span> <span class='ocrx_word' id='word_1_46' title='bbox 1225 702 1248 756; x_wconf 89' lang='lat' dir='ltr'>si</span> <span class='ocrx_word' id='word_1_47' title='bbox 1264 743 1291 758; x_wconf 92' lang='lat'>..</span> <span class='ocrx_word' id='word_1_48' title='bbox 1309 700 1456 771; x_wconf 81' lang='lat' dir='ltr'>mentiar“‚</span> 
     </span>
     <span class='ocr_line' id='line_1_5' title="bbox 287 784 1455 862; baseline -0.001 -19"><span class='ocrx_word' id='word_1_49' title='bbox 287 787 332 843; x_wconf 87' lang='lat' dir='ltr'>ubi</span> <span class='ocrx_word' id='word_1_50' title='bbox 351 795 380 844; x_wconf 93' lang='lat' dir='ltr'>ut</span> <span class='ocrx_word' id='word_1_51' title='bbox 395 804 445 862; x_wconf 89' lang='lat' dir='ltr'>per</span> <span class='ocrx_word' id='word_1_52' title='bbox 459 789 631 845; x_wconf 87' lang='lat' dir='ltr'>interiectum</span> <span class='ocrx_word' id='word_1_53' title='bbox 647 785 713 843; x_wconf 89' lang='lat' dir='ltr'>iliud</span> <span class='ocrx_word' id='word_1_54' title='bbox 729 804 815 860; x_wconf 85' lang='lat' dir='ltr'>paam</span> <span class='ocrx_word' id='word_1_55' title='bbox 832 828 838 841; x_wconf 90' lang='lat'><strong><em>.</em></strong></span> <span class='ocrx_word' id='word_1_56' title='bbox 856 828 864 842; x_wconf 91' lang='lat'><strong>.</strong></span> <span class='ocrx_word' id='word_1_57' title='bbox 880 793 960 843; x_wconf 85' lang='lat' dir='ltr'>cerie</span> <span class='ocrx_word' id='word_1_58' title='bbox 980 784 1118 842; x_wconf 71' lang='lat' dir='ltr'>divellitur</span> <span class='ocrx_word' id='word_1_59' title='bbox 1138 790 1289 843; x_wconf 80' lang='lat' dir='ltr'>mentiare</span> <span class='ocrx_word' id='word_1_60' title='bbox 1305 790 1332 842; x_wconf 85' lang='lat' dir='ltr'>si</span> <span class='ocrx_word' id='word_1_61' title='bbox 1345 802 1455 861; x_wconf 74' lang='lat' dir='ltr'>saepem,</span> 
     </span>
     <span class='ocr_line' id='line_1_6' title="bbox 286 871 1455 947; baseline 0.003 -20"><span class='ocrx_word' id='word_1_62' title='bbox 286 874 325 930; x_wconf 90' lang='lat' dir='ltr'>sic</span> <span class='ocrx_word' id='word_1_63' title='bbox 340 873 366 929; x_wconf 90' lang='grc' dir='ltr'>Ιι.</span> <span class='ocrx_word' id='word_1_64' title='bbox 382 873 400 934; x_wconf 85' lang='grc' dir='ltr'>Ι.</span> <span class='ocrx_word' id='word_1_65' title='bbox 417 875 580 947; x_wconf 86' lang='lat' dir='ltr'>pervellem</span> <span class='ocrx_word' id='word_1_66' title='bbox 597 914 603 927; x_wconf 94' lang='lat'><strong>.</strong></span> <span class='ocrx_word' id='word_1_67' title='bbox 622 914 629 927; x_wconf 90' lang='lat'><strong>.</strong></span> <span class='ocrx_word' id='word_1_68' title='bbox 651 873 703 929; x_wconf 85' lang='lat' dir='ltr'>sed</span> <span class='ocrx_word' id='word_1_69' title='bbox 721 879 816 928; x_wconf 85' lang='lat' dir='ltr'>tumen</span> <span class='ocrx_word' id='word_1_70' title='bbox 837 871 998 927; x_wconf 74' lang='lat' dir='ltr'>distrahitur</span> <span class='ocrx_word' id='word_1_71' title='bbox 1012 873 1149 943; x_wconf 81' lang='lat' dir='ltr'>suspicor</span> <span class='ocrx_word' id='word_1_72' title='bbox 1163 888 1177 927; x_wconf 88' lang='lat' dir='ltr'>a</span> <span class='ocrx_word' id='word_1_73' title='bbox 1193 887 1287 945; x_wconf 83' lang='lat' dir='ltr'>qnae.</span> <span class='ocrx_word' id='word_1_74' title='bbox 1304 914 1312 927; x_wconf 87' lang='lat'><strong>.</strong></span> <span class='ocrx_word' id='word_1_75' title='bbox 1329 875 1455 930; x_wconf 84' lang='lat' dir='ltr'>ualeant.</span> 
     </span>
     <span class='ocr_line' id='line_1_7' title="bbox 286 955 1455 1030; baseline -0.002 -16"><span class='ocrx_word' id='word_1_76' title='bbox 286 957 314 1014; x_wconf 90' lang='lat' dir='ltr'>Si</span> <span class='ocrx_word' id='word_1_77' title='bbox 340 959 393 1014; x_wconf 83' lang='lat' dir='ltr'>sed</span> <span class='ocrx_word' id='word_1_78' title='bbox 416 965 436 1018; x_wconf 85' lang='lat' dir='ltr'>i.</span> <span class='ocrx_word' id='word_1_79' title='bbox 463 974 560 1030; x_wconf 68' lang='lat' dir='ltr'>susp,</span> <span class='ocrx_word' id='word_1_80' title='bbox 592 962 621 1012; x_wconf 90' lang='lat' dir='ltr'>ut</span> <span class='ocrx_word' id='word_1_81' title='bbox 647 973 741 1013; x_wconf 91' lang='lat' dir='ltr'>omnes</span> <span class='ocrx_word' id='word_1_82' title='bbox 768 965 830 1011; x_wconf 90' lang='lat' dir='ltr'>ante</span> <span class='ocrx_word' id='word_1_83' title='bbox 851 956 935 1012; x_wconf 90' lang='lat' dir='ltr'>liadv.</span> <span class='ocrx_word' id='word_1_84' title='bbox 960 957 1158 1012; x_wconf 75' lang='lat' dir='ltr'>correctionem</span> <span class='ocrx_word' id='word_1_85' title='bbox 1183 956 1296 1012; x_wconf 88' lang='lat' dir='ltr'>ridicule</span> <span class='ocrx_word' id='word_1_86' title='bbox 1321 955 1455 1028; x_wconf 87' lang='lat' dir='ltr'>iecerunt,</span> 
     </span>
     <span class='ocr_line' id='line_1_8' title="bbox 286 1040 1455 1116; baseline 0 -17"><span class='ocrx_word' id='word_1_87' title='bbox 286 1059 347 1099; x_wconf 89' lang='lat' dir='ltr'>enm</span> <span class='ocrx_word' id='word_1_88' title='bbox 367 1059 429 1116; x_wconf 89' lang='lat' dir='ltr'>sqq.</span> <span class='ocrx_word' id='word_1_89' title='bbox 450 1052 524 1098; x_wconf 88' lang='lat' dir='ltr'>esset</span> <span class='ocrx_word' id='word_1_90' title='bbox 545 1040 726 1116; x_wconf 87' lang='lat' dir='ltr'>iungendum,</span> <span class='ocrx_word' id='word_1_91' title='bbox 753 1041 892 1097; x_wconf 86' lang='lat' dir='ltr'>soloecum</span> <span class='ocrx_word' id='word_1_92' title='bbox 913 1049 986 1097; x_wconf 89' lang='lat' dir='ltr'>esset</span> <span class='ocrx_word' id='word_1_93' title='bbox 1002 1057 1100 1114; x_wconf 82' lang='lat' dir='ltr'>„qnae</span> <span class='ocrx_word' id='word_1_94' title='bbox 1120 1086 1127 1102; x_wconf 83' lang='lat'>.</span> <span class='ocrx_word' id='word_1_95' title='bbox 1151 1087 1158 1102; x_wconf 89' lang='lat'><strong>.</strong></span> <span class='ocrx_word' id='word_1_96' title='bbox 1183 1043 1299 1099; x_wconf 82' lang='lat' dir='ltr'>ualeant</span> <span class='ocrx_word' id='word_1_97' title='bbox 1325 1052 1371 1097; x_wconf 70' lang='lat' dir='ltr'>er&#39;</span> <span class='ocrx_word' id='word_1_98' title='bbox 1385 1058 1455 1114; x_wconf 81' lang='lat' dir='ltr'>exp.</span> 
     </span>
     <span class='ocr_line' id='line_1_9' title="bbox 288 1119 803 1201; baseline -0.006 -17"><span class='ocrx_word' id='word_1_99' title='bbox 288 1143 367 1185; x_wconf 85' lang='lat' dir='ltr'>esses</span> <span class='ocrx_word' id='word_1_100' title='bbox 388 1144 550 1201; x_wconf 86' lang='lat' dir='ltr'>suspensum</span> <span class='ocrx_word' id='word_1_101' title='bbox 573 1119 666 1198; x_wconf 86' lang='lat' dir='ltr'>(Madv.</span> <span class='ocrx_word' id='word_1_102' title='bbox 685 1127 703 1199; x_wconf 69' lang='lat'><em>8</em></span> <span class='ocrx_word' id='word_1_103' title='bbox 721 1124 803 1200; x_wconf 87' lang='lat'><strong>383).</strong></span> 
     </span>
    </p>

    <p class='ocr_par' dir='ltr' id='par_1_3' title="bbox 282 1208 1456 1628">
     <span class='ocr_line' id='line_1_10' title="bbox 370 1208 1454 1286; baseline -0.001 -18"><span class='ocrx_word' id='word_1_104' title='bbox 370 1214 432 1280; x_wconf 72' lang='lat' dir='ltr'>Ep.</span> <span class='ocrx_word' id='word_1_105' title='bbox 456 1216 486 1270; x_wconf 85' lang='lat'>7.</span> <span class='ocrx_word' id='word_1_106' title='bbox 508 1216 539 1268; x_wconf 83' lang='lat'>2.</span> <span class='ocrx_word' id='word_1_107' title='bbox 584 1211 686 1286; x_wconf 87' lang='lat' dir='ltr'>Vulgo:</span> <span class='ocrx_word' id='word_1_108' title='bbox 708 1230 784 1268; x_wconf 83' lang='lat' dir='ltr'>mun.</span> <span class='ocrx_word' id='word_1_109' title='bbox 807 1229 886 1268; x_wconf 77' lang='lat' dir='ltr'>mna.</span> <span class='ocrx_word' id='word_1_110' title='bbox 910 1228 954 1267; x_wconf 88' lang='lat' dir='ltr'>oa.</span> <span class='ocrx_word' id='word_1_111' title='bbox 974 1211 1126 1283; x_wconf 79' lang='lat' dir='ltr'>pressum,</span> <span class='ocrx_word' id='word_1_112' title='bbox 1147 1226 1171 1268; x_wconf 81' lang='lat' dir='ltr'>a.</span> <span class='ocrx_word' id='word_1_113' title='bbox 1213 1208 1287 1286; x_wconf 85' lang='lat' dir='ltr'>Ego:</span> <span class='ocrx_word' id='word_1_114' title='bbox 1308 1230 1356 1284; x_wconf 80' lang='lat' dir='ltr'>m,</span> <span class='ocrx_word' id='word_1_115' title='bbox 1376 1230 1412 1268; x_wconf 88' lang='lat' dir='ltr'>m.</span> <span class='ocrx_word' id='word_1_116' title='bbox 1429 1230 1454 1269; x_wconf 90' lang='lat' dir='ltr'>o.</span> 
     </span>
     <span class='ocr_line' id='line_1_11' title="bbox 282 1296 1456 1371; baseline 0.001 -19"><span class='ocrx_word' id='word_1_117' title='bbox 282 1315 346 1369; x_wconf 72' lang='lat' dir='ltr'>pm,</span> <span class='ocrx_word' id='word_1_118' title='bbox 361 1312 385 1353; x_wconf 87' lang='lat' dir='ltr'>s.</span> <span class='ocrx_word' id='word_1_119' title='bbox 422 1298 585 1371; x_wconf 78' lang='lat' dir='ltr'>Appositum</span> <span class='ocrx_word' id='word_1_120' title='bbox 600 1296 632 1351; x_wconf 89' lang='lat' dir='ltr'>ad</span> <span class='ocrx_word' id='word_1_121' title='bbox 647 1312 723 1354; x_wconf 73' lang='lat' dir='ltr'>anan.</span> <span class='ocrx_word' id='word_1_122' title='bbox 740 1306 782 1352; x_wconf 87' lang='lat' dir='ltr'>est</span> <span class='ocrx_word' id='word_1_123' title='bbox 797 1315 832 1354; x_wconf 88' lang='lat' dir='ltr'>m.</span> <span class='ocrx_word' id='word_1_124' title='bbox 849 1313 874 1353; x_wconf 92' lang='lat' dir='ltr'>o.</span> <span class='ocrx_word' id='word_1_125' title='bbox 887 1315 936 1368; x_wconf 85' lang='lat' dir='ltr'>pr.</span> <span class='ocrx_word' id='word_1_126' title='bbox 958 1296 997 1367; x_wconf 85' lang='lat' dir='ltr'>(in</span> <span class='ocrx_word' id='word_1_127' title='bbox 1013 1313 1068 1370; x_wconf 93' lang='lat' dir='ltr'>quo</span> <span class='ocrx_word' id='word_1_128' title='bbox 1084 1298 1156 1353; x_wconf 88' lang='lat' dir='ltr'>inest</span> <span class='ocrx_word' id='word_1_129' title='bbox 1170 1313 1260 1367; x_wconf 88' lang='lat' dir='ltr'>cansa,</span> <span class='ocrx_word' id='word_1_130' title='bbox 1280 1312 1331 1352; x_wconf 91' lang='lat' dir='ltr'>eur</span> <span class='ocrx_word' id='word_1_131' title='bbox 1357 1313 1415 1368; x_wconf 81' lang='lat' dir='ltr'>„m</span> <span class='ocrx_word' id='word_1_132' title='bbox 1430 1315 1456 1354; x_wconf 87' lang='lat' dir='ltr'>s.</span> 
     </span>
     <span class='ocr_line' id='line_1_12' title="bbox 288 1379 1456 1455; baseline 0 -18"><span class='ocrx_word' id='word_1_133' title='bbox 288 1381 411 1438; x_wconf 85' lang='lat' dir='ltr'>aiiectnrn</span> <span class='ocrx_word' id='word_1_134' title='bbox 426 1381 509 1437; x_wconf 90' lang='lat' dir='ltr'>luerit</span> <span class='ocrx_word' id='word_1_135' title='bbox 523 1379 621 1454; x_wconf 73' lang='lat' dir='ltr'>nrm‘),</span> <span class='ocrx_word' id='word_1_136' title='bbox 636 1398 691 1437; x_wconf 91' lang='lat' dir='ltr'>non</span> <span class='ocrx_word' id='word_1_137' title='bbox 706 1380 897 1455; x_wconf 88' lang='lat' dir='ltr'>praedicatum.</span> <span class='ocrx_word' id='word_1_138' title='bbox 928 1411 968 1420; x_wconf 89' lang='lat'><em>-</em></span> <span class='ocrx_word' id='word_1_139' title='bbox 997 1383 1028 1437; x_wconf 85' lang='lat'>5.</span> <span class='ocrx_word' id='word_1_140' title='bbox 1049 1381 1139 1455; x_wconf 84' lang='lat' dir='ltr'>Vulgo</span> <span class='ocrx_word' id='word_1_141' title='bbox 1154 1381 1237 1437; x_wconf 81' lang='lat' dir='ltr'>maie:</span> <span class='ocrx_word' id='word_1_142' title='bbox 1257 1383 1288 1438; x_wconf 80' lang='lat' dir='ltr'>id</span> <span class='ocrx_word' id='word_1_143' title='bbox 1306 1381 1377 1439; x_wconf 79' lang='lat' dir='ltr'>milvi</span> <span class='ocrx_word' id='word_1_144' title='bbox 1389 1383 1456 1438; x_wconf 82' lang='lat' dir='ltr'>des:</span> 
     </span>
     <span class='ocr_line' id='line_1_13' title="bbox 287 1464 1454 1540; baseline 0.001 -18"><span class='ocrx_word' id='word_1_145' title='bbox 287 1468 364 1539; x_wconf 83' lang='lat' dir='ltr'>qaod</span> <span class='ocrx_word' id='word_1_146' title='bbox 377 1470 431 1523; x_wconf 78' lang='lat' dir='ltr'>erit</span> <span class='ocrx_word' id='word_1_147' title='bbox 441 1467 488 1535; x_wconf 81' lang='lat' dir='ltr'>b.;</span> <span class='ocrx_word' id='word_1_148' title='bbox 511 1475 541 1523; x_wconf 94' lang='lat' dir='ltr'>ut</span> <span class='ocrx_word' id='word_1_149' title='bbox 556 1467 626 1522; x_wconf 91' lang='lat' dir='ltr'>enim</span> <span class='ocrx_word' id='word_1_150' title='bbox 642 1468 763 1523; x_wconf 90' lang='lat' dir='ltr'>omittam</span> <span class='ocrx_word' id='word_1_151' title='bbox 779 1466 913 1540; x_wconf 80' lang='lat' dir='ltr'>longioris</span> <span class='ocrx_word' id='word_1_152' title='bbox 928 1472 1070 1539; x_wconf 88' lang='lat' dir='ltr'>protnseos</span> <span class='ocrx_word' id='word_1_153' title='bbox 1086 1466 1201 1539; x_wconf 90' lang='lat' dir='ltr'>(„qnum</span> <span class='ocrx_word' id='word_1_154' title='bbox 1218 1507 1244 1522; x_wconf 89' lang='lat'>..</span> <span class='ocrx_word' id='word_1_155' title='bbox 1261 1464 1367 1539; x_wconf 85' lang='lat' dir='ltr'>onrrj.“)</span> <span class='ocrx_word' id='word_1_156' title='bbox 1383 1468 1454 1523; x_wconf 90' lang='lat' dir='ltr'>iusto</span> 
     </span>
     <span class='ocr_line' id='line_1_14' title="bbox 286 1546 1454 1628; baseline 0 -21"><span class='ocrx_word' id='word_1_157' title='bbox 286 1551 439 1607; x_wconf 88' lang='lat' dir='ltr'>breviorem</span> <span class='ocrx_word' id='word_1_158' title='bbox 454 1567 514 1607; x_wconf 88' lang='lat' dir='ltr'>esse</span> <span class='ocrx_word' id='word_1_159' title='bbox 529 1551 660 1625; x_wconf 86' lang='lat' dir='ltr'>apodosia</span> <span class='ocrx_word' id='word_1_160' title='bbox 677 1546 716 1626; x_wconf 85' lang='lat' dir='ltr'>(id</span> <span class='ocrx_word' id='word_1_161' title='bbox 729 1569 765 1607; x_wconf 88' lang='lat' dir='ltr'>m.</span> <span class='ocrx_word' id='word_1_162' title='bbox 780 1547 857 1628; x_wconf 84' lang='lat' dir='ltr'>des),</span> <span class='ocrx_word' id='word_1_163' title='bbox 873 1552 981 1606; x_wconf 90' lang='lat' dir='ltr'>minime</span> <span class='ocrx_word' id='word_1_164' title='bbox 997 1551 1073 1607; x_wconf 88' lang='lat' dir='ltr'>licuit</span> <span class='ocrx_word' id='word_1_165' title='bbox 1088 1567 1137 1625; x_wconf 89' lang='lat' dir='ltr'>per</span> <span class='ocrx_word' id='word_1_166' title='bbox 1151 1553 1182 1607; x_wconf 79' lang='lat' dir='ltr'>id</span> <span class='ocrx_word' id='word_1_167' title='bbox 1194 1550 1266 1607; x_wconf 89' lang='lat' dir='ltr'>nude</span> <span class='ocrx_word' id='word_1_168' title='bbox 1281 1550 1321 1607; x_wconf 90' lang='lat' dir='ltr'>sio</span> <span class='ocrx_word' id='word_1_169' title='bbox 1334 1553 1454 1625; x_wconf 90' lang='lat' dir='ltr'>positum</span> 
     </span>
    </p>
   </div>
   <div class='ocr_carea' id='block_1_3' title="bbox 286 1633 1560 1710">
    <p class='ocr_par' dir='ltr' id='par_1_4' title="bbox 286 1633 1560 1710">
     <span class='ocr_line' id='line_1_15' title="bbox 286 1633 1560 1710; baseline 0 -18"><span class='ocrx_word' id='word_1_170' title='bbox 286 1636 446 1710; x_wconf 82' lang='lat' dir='ltr'>simpliciter</span> <span class='ocrx_word' id='word_1_171' title='bbox 461 1636 526 1692; x_wconf 89' lang='lat' dir='ltr'>iilud</span> <span class='ocrx_word' id='word_1_172' title='bbox 541 1635 737 1707; x_wconf 89' lang='lat' dir='ltr'>demonstrare,</span> <span class='ocrx_word' id='word_1_173' title='bbox 754 1635 827 1709; x_wconf 92' lang='lat' dir='ltr'>qnod</span> <span class='ocrx_word' id='word_1_174' title='bbox 843 1635 937 1693; x_wconf 88' lang='lat' dir='ltr'>Cicero</span> <span class='ocrx_word' id='word_1_175' title='bbox 953 1636 1038 1692; x_wconf 91' lang='lat' dir='ltr'>multo</span> <span class='ocrx_word' id='word_1_176' title='bbox 1054 1652 1136 1709; x_wconf 87' lang='lat' dir='ltr'>supra</span> <span class='ocrx_word' id='word_1_177' title='bbox 1150 1633 1192 1708; x_wconf 80' lang='lat'>(2)</span> <span class='ocrx_word' id='word_1_178' title='bbox 1207 1653 1237 1692; x_wconf 89' lang='lat' dir='ltr'>se</span> <span class='ocrx_word' id='word_1_179' title='bbox 1252 1653 1266 1690; x_wconf 89' lang='lat' dir='ltr'>a</span> <span class='ocrx_word' id='word_1_180' title='bbox 1281 1634 1375 1692; x_wconf 84' lang='lat' dir='ltr'>Cluvio</span> <span class='ocrx_word' id='word_1_181' title='bbox 1391 1653 1455 1693; x_wconf 89' lang='lat' dir='ltr'>con·</span> <span class='ocrx_word' id='word_1_182' title='bbox 1557 1663 1560 1668; x_wconf 96' lang='lat'>·</span> 
     </span>
    </p>
   </div>
   <div class='ocr_carea' id='block_1_4' title="bbox 284 1719 1480 4514">
    <p class='ocr_par' dir='ltr' id='par_1_5' title="bbox 285 1719 1455 2221">
     <span class='ocr_line' id='line_1_16' title="bbox 287 1719 1455 1795; baseline 0 -18"><span class='ocrx_word' id='word_1_183' title='bbox 287 1720 399 1777; x_wconf 87' lang='lat' dir='ltr'>tendere</span> <span class='ocrx_word' id='word_1_184' title='bbox 417 1722 572 1795; x_wconf 78' lang='lat' dir='ltr'>scripserat,</span> <span class='ocrx_word' id='word_1_185' title='bbox 594 1729 626 1777; x_wconf 92' lang='lat' dir='ltr'>ut</span> <span class='ocrx_word' id='word_1_186' title='bbox 647 1737 753 1777; x_wconf 89' lang='lat' dir='ltr'>causam</span> <span class='ocrx_word' id='word_1_187' title='bbox 776 1719 882 1776; x_wconf 81' lang='lat' dir='ltr'>Caesari</span> <span class='ocrx_word' id='word_1_188' title='bbox 902 1722 1034 1794; x_wconf 87' lang='lat' dir='ltr'>integram</span> <span class='ocrx_word' id='word_1_189' title='bbox 1050 1728 1232 1778; x_wconf 84' lang='lat' dir='ltr'>conservaret.</span> <span class='ocrx_word' id='word_1_190' title='bbox 1275 1720 1370 1777; x_wconf 86' lang='lat' dir='ltr'>Potuit</span> <span class='ocrx_word' id='word_1_191' title='bbox 1390 1721 1455 1777; x_wconf 89' lang='lat' dir='ltr'>scri·</span> 
     </span>
     <span class='ocr_line' id='line_1_17' title="bbox 285 1804 1454 1880; baseline 0 -18"><span class='ocrx_word' id='word_1_192' title='bbox 285 1807 364 1862; x_wconf 88' lang='lat' dir='ltr'>bere:</span> <span class='ocrx_word' id='word_1_193' title='bbox 387 1807 437 1877; x_wconf 82' lang='lat' dir='ltr'>„id</span> <span class='ocrx_word' id='word_1_194' title='bbox 450 1822 486 1863; x_wconf 82' lang='lat' dir='ltr'>m.</span> <span class='ocrx_word' id='word_1_195' title='bbox 502 1805 538 1876; x_wconf 85' lang='lat' dir='ltr'>d,</span> <span class='ocrx_word' id='word_1_196' title='bbox 561 1808 638 1880; x_wconf 81' lang='lat' dir='ltr'>quod</span> <span class='ocrx_word' id='word_1_197' title='bbox 657 1825 675 1862; x_wconf 88' lang='lat' dir='ltr'>a</span> <span class='ocrx_word' id='word_1_198' title='bbox 697 1812 724 1862; x_wconf 87' lang='lat' dir='ltr'>ie</span> <span class='ocrx_word' id='word_1_199' title='bbox 735 1812 819 1878; x_wconf 85' lang='lat' dir='ltr'>peto:</span> <span class='ocrx_word' id='word_1_200' title='bbox 842 1804 955 1879; x_wconf 89' lang='lat' dir='ltr'>quode.</span> <span class='ocrx_word' id='word_1_201' title='bbox 973 1804 1038 1860; x_wconf 80' lang='lat' dir='ltr'>ir.“:</span> <span class='ocrx_word' id='word_1_202' title='bbox 1061 1822 1133 1862; x_wconf 92' lang='lat' dir='ltr'>nunc</span> <span class='ocrx_word' id='word_1_203' title='bbox 1147 1822 1196 1880; x_wconf 89' lang='lat' dir='ltr'>per</span> <span class='ocrx_word' id='word_1_204' title='bbox 1211 1804 1454 1879; x_wconf 81' lang='lat' dir='ltr'>breviloquentiam</span> 
     </span>
     <span class='ocr_line' id='line_1_18' title="bbox 286 1888 1455 1965; baseline 0 -20"><span class='ocrx_word' id='word_1_205' title='bbox 286 1889 419 1965; x_wconf 89' lang='lat' dir='ltr'>quandam</span> <span class='ocrx_word' id='word_1_206' title='bbox 434 1890 505 1947; x_wconf 89' lang='lat' dir='ltr'>haud</span> <span class='ocrx_word' id='word_1_207' title='bbox 522 1890 721 1964; x_wconf 81' lang='lat' dir='ltr'>infrequentem</span> <span class='ocrx_word' id='word_1_208' title='bbox 735 1890 770 1962; x_wconf 87' lang='lat' dir='ltr'>id,</span> <span class='ocrx_word' id='word_1_209' title='bbox 793 1889 866 1963; x_wconf 91' lang='lat' dir='ltr'>quod</span> <span class='ocrx_word' id='word_1_210' title='bbox 888 1888 938 1945; x_wconf 87' lang='lat' dir='ltr'>sibi</span> <span class='ocrx_word' id='word_1_211' title='bbox 954 1889 1010 1945; x_wconf 89' lang='lat' dir='ltr'>dari</span> <span class='ocrx_word' id='word_1_212' title='bbox 1026 1889 1142 1960; x_wconf 82' lang='lat' dir='ltr'>volebat,</span> <span class='ocrx_word' id='word_1_213' title='bbox 1168 1890 1213 1946; x_wconf 89' lang='lat' dir='ltr'>tali</span> <span class='ocrx_word' id='word_1_214' title='bbox 1228 1890 1381 1964; x_wconf 86' lang='lat' dir='ltr'>periphrasi</span> <span class='ocrx_word' id='word_1_215' title='bbox 1395 1907 1455 1947; x_wconf 92' lang='lat' dir='ltr'>cur·</span> 
     </span>
     <span class='ocr_line' id='line_1_19' title="bbox 285 1967 1454 2050; baseline 0.001 -20"><span class='ocrx_word' id='word_1_216' title='bbox 285 1974 396 2032; x_wconf 87' lang='lat' dir='ltr'>relativa</span> <span class='ocrx_word' id='word_1_217' title='bbox 419 1972 524 2050; x_wconf 76' lang='lat' dir='ltr'>(„qnod</span> <span class='ocrx_word' id='word_1_218' title='bbox 540 1992 564 2032; x_wconf 88' lang='lat' dir='ltr'>e.</span> <span class='ocrx_word' id='word_1_219' title='bbox 582 1976 621 2048; x_wconf 89' lang='lat' dir='ltr'>h.,</span> <span class='ocrx_word' id='word_1_220' title='bbox 636 1984 666 2032; x_wconf 93' lang='lat' dir='ltr'>ut</span> <span class='ocrx_word' id='word_1_221' title='bbox 682 2018 688 2032; x_wconf 91' lang='lat'><strong>.</strong></span> <span class='ocrx_word' id='word_1_222' title='bbox 706 2018 713 2031; x_wconf 90' lang='lat'><strong>.</strong></span> <span class='ocrx_word' id='word_1_223' title='bbox 731 1967 967 2050; x_wconf 83' lang='lat' dir='ltr'>impetraremus“)</span> <span class='ocrx_word' id='word_1_224' title='bbox 985 1975 1121 2048; x_wconf 81' lang='lat' dir='ltr'>exposuit,</span> <span class='ocrx_word' id='word_1_225' title='bbox 1141 1975 1169 2030; x_wconf 92' lang='lat' dir='ltr'>in</span> <span class='ocrx_word' id='word_1_226' title='bbox 1190 1992 1242 2049; x_wconf 90' lang='lat' dir='ltr'>qna</span> <span class='ocrx_word' id='word_1_227' title='bbox 1262 1974 1356 2031; x_wconf 79' lang='lat' dir='ltr'>eidem</span> <span class='ocrx_word' id='word_1_228' title='bbox 1372 1977 1454 2050; x_wconf 87' lang='lat' dir='ltr'>aptis·</span> 
     </span>
     <span class='ocr_line' id='line_1_20' title="bbox 285 2058 1453 2135; baseline 0 -19"><span class='ocrx_word' id='word_1_229' title='bbox 285 2060 367 2129; x_wconf 88' lang='lat' dir='ltr'>sima,</span> <span class='ocrx_word' id='word_1_230' title='bbox 397 2077 450 2135; x_wconf 91' lang='lat' dir='ltr'>qua</span> <span class='ocrx_word' id='word_1_231' title='bbox 470 2060 579 2117; x_wconf 81' lang='lat' dir='ltr'>Cluvius</span> <span class='ocrx_word' id='word_1_232' title='bbox 600 2063 712 2118; x_wconf 79' lang='lat' dir='ltr'>manime</span> <span class='ocrx_word' id='word_1_233' title='bbox 740 2067 907 2131; x_wconf 88' lang='lat' dir='ltr'>moveretur,</span> <span class='ocrx_word' id='word_1_234' title='bbox 938 2060 1040 2116; x_wconf 88' lang='lat' dir='ltr'>inesset</span> <span class='ocrx_word' id='word_1_235' title='bbox 1065 2059 1258 2134; x_wconf 81' lang='lat' dir='ltr'>magnitudinis</span> <span class='ocrx_word' id='word_1_236' title='bbox 1287 2058 1453 2131; x_wconf 80' lang='lat' dir='ltr'>„beneficii‘</span> 
     </span>
     <span class='ocr_line' id='line_1_21' title="bbox 285 2142 838 2221; baseline -0.004 -20"><span class='ocrx_word' id='word_1_237' title='bbox 285 2142 455 2218; x_wconf 76' lang='lat' dir='ltr'>significatio,</span> <span class='ocrx_word' id='word_1_238' title='bbox 485 2145 543 2221; x_wconf 88' lang='lat' dir='ltr'>Ego</span> <span class='ocrx_word' id='word_1_239' title='bbox 559 2147 658 2220; x_wconf 90' lang='lat' dir='ltr'>igitur:</span> <span class='ocrx_word' id='word_1_240' title='bbox 673 2148 740 2215; x_wconf 86' lang='lat' dir='ltr'>des,</span> <span class='ocrx_word' id='word_1_241' title='bbox 755 2146 838 2219; x_wconf 82' lang='lat' dir='ltr'>quad.</span> 
     </span>
    </p>

    <p class='ocr_par' dir='ltr' id='par_1_6' title="bbox 284 2229 1480 3831">
     <span class='ocr_line' id='line_1_22' title="bbox 317 2229 1454 2305; baseline 0 -18"><span class='ocrx_word' id='word_1_242' title='bbox 317 2238 323 2242; x_wconf 82' lang='grc'><strong>“</strong></span> <span class='ocrx_word' id='word_1_243' title='bbox 369 2232 432 2301; x_wconf 64' lang='lat' dir='ltr'>Ep,</span> <span class='ocrx_word' id='word_1_244' title='bbox 446 2237 476 2288; x_wconf 90' lang='grc'>9.</span> <span class='ocrx_word' id='word_1_245' title='bbox 490 2235 521 2287; x_wconf 82' lang='lat'>2.</span> <span class='ocrx_word' id='word_1_246' title='bbox 548 2229 593 2286; x_wconf 80' lang='lat' dir='ltr'>n:</span> <span class='ocrx_word' id='word_1_247' title='bbox 611 2248 686 2305; x_wconf 85' lang='lat' dir='ltr'>quae</span> <span class='ocrx_word' id='word_1_248' title='bbox 700 2235 825 2289; x_wconf 83' lang='lat' dir='ltr'>societas</span> <span class='ocrx_word' id='word_1_249' title='bbox 837 2231 954 2300; x_wconf 85' lang='lat' dir='ltr'>ordine,</span> <span class='ocrx_word' id='word_1_250' title='bbox 974 2231 1036 2302; x_wconf 81' lang='lat' dir='ltr'>ipso</span> <span class='ocrx_word' id='word_1_251' title='bbox 1051 2231 1080 2287; x_wconf 81' lang='lat' dir='ltr'>d.</span> <span class='ocrx_word' id='word_1_252' title='bbox 1095 2245 1202 2304; x_wconf 74' lang='lat' dir='ltr'>genere</span> <span class='ocrx_word' id='word_1_253' title='bbox 1211 2246 1286 2302; x_wconf 73' lang='lat' dir='ltr'>pairs</span> <span class='ocrx_word' id='word_1_254' title='bbox 1301 2236 1346 2287; x_wconf 85' lang='lat' dir='ltr'>ert</span> <span class='ocrx_word' id='word_1_255' title='bbox 1361 2249 1397 2287; x_wconf 84' lang='lat' dir='ltr'>m.</span> <span class='ocrx_word' id='word_1_256' title='bbox 1415 2234 1454 2287; x_wconf 82' lang='lat' dir='ltr'>ci·</span> 
     </span>
     <span class='ocr_line' id='line_1_23' title="bbox 286 2315 1454 2389; baseline 0 -17"><span class='ocrx_word' id='word_1_257' title='bbox 286 2319 397 2380; x_wconf 66' lang='lat' dir='ltr'>citatim</span> <span class='ocrx_word' id='word_1_258' title='bbox 418 2323 531 2373; x_wconf 84' lang='lat' dir='ltr'>constat</span> <span class='ocrx_word' id='word_1_259' title='bbox 547 2331 571 2372; x_wconf 86' lang='lat' dir='ltr'>e.</span> <span class='ocrx_word' id='word_1_260' title='bbox 588 2332 627 2374; x_wconf 79' lang='lat' dir='ltr'>ex</span> <span class='ocrx_word' id='word_1_261' title='bbox 643 2333 668 2372; x_wconf 85' lang='lat' dir='ltr'>e.</span> <span class='ocrx_word' id='word_1_262' title='bbox 684 2332 755 2386; x_wconf 79' lang='lat' dir='ltr'>soc,</span> <span class='ocrx_word' id='word_1_263' title='bbox 773 2321 800 2371; x_wconf 84' lang='lat' dir='ltr'>et</span> <span class='ocrx_word' id='word_1_264' title='bbox 812 2331 893 2385; x_wconf 85' lang='lat' dir='ltr'>casu,</span> <span class='ocrx_word' id='word_1_265' title='bbox 908 2315 983 2388; x_wconf 88' lang='lat' dir='ltr'>qnasi</span> <span class='ocrx_word' id='word_1_266' title='bbox 995 2315 1109 2388; x_wconf 91' lang='lat' dir='ltr'>primum</span> <span class='ocrx_word' id='word_1_267' title='bbox 1125 2318 1143 2371; x_wconf 81' lang='lat' dir='ltr'>i.</span> <span class='ocrx_word' id='word_1_268' title='bbox 1160 2315 1187 2371; x_wconf 83' lang='lat' dir='ltr'>b.</span> <span class='ocrx_word' id='word_1_269' title='bbox 1203 2331 1266 2389; x_wconf 79' lang='lat' dir='ltr'>qen.</span> <span class='ocrx_word' id='word_1_270' title='bbox 1282 2316 1318 2371; x_wconf 86' lang='lat' dir='ltr'>sit</span> <span class='ocrx_word' id='word_1_271' title='bbox 1329 2317 1454 2389; x_wconf 87' lang='lat' dir='ltr'>apposita</span> 
     </span>
     <span class='ocr_line' id='line_1_24' title="bbox 286 2399 1454 2474; baseline 0.001 -19"><span class='ocrx_word' id='word_1_272' title='bbox 286 2399 318 2455; x_wconf 88' lang='lat' dir='ltr'>ad</span> <span class='ocrx_word' id='word_1_273' title='bbox 334 2401 397 2458; x_wconf 84' lang='lat' dir='ltr'>ord.</span> <span class='ocrx_word' id='word_1_274' title='bbox 413 2400 556 2474; x_wconf 81' lang='lat' dir='ltr'>explicatio</span> <span class='ocrx_word' id='word_1_275' title='bbox 574 2399 676 2467; x_wconf 82' lang='lat' dir='ltr'>(Cicero</span> <span class='ocrx_word' id='word_1_276' title='bbox 689 2408 764 2458; x_wconf 87' lang='lat' dir='ltr'>certe</span> <span class='ocrx_word' id='word_1_277' title='bbox 778 2400 945 2473; x_wconf 85' lang='lat' dir='ltr'>scripsisset:</span> <span class='ocrx_word' id='word_1_278' title='bbox 965 2417 1002 2472; x_wconf 91' lang='lat' dir='ltr'>o.,</span> <span class='ocrx_word' id='word_1_279' title='bbox 1018 2401 1048 2456; x_wconf 77' lang='lat' dir='ltr'>iat</span> <span class='ocrx_word' id='word_1_280' title='bbox 1061 2405 1114 2471; x_wconf 85' lang='lat' dir='ltr'>esi,</span> <span class='ocrx_word' id='word_1_281' title='bbox 1130 2403 1149 2459; x_wconf 85' lang='lat' dir='ltr'>i.</span> <span class='ocrx_word' id='word_1_282' title='bbox 1165 2401 1193 2456; x_wconf 86' lang='lat' dir='ltr'>b.</span> <span class='ocrx_word' id='word_1_283' title='bbox 1208 2419 1237 2474; x_wconf 78' lang='lat' dir='ltr'>q.</span> <span class='ocrx_word' id='word_1_284' title='bbox 1252 2408 1309 2472; x_wconf 92' lang='lat' dir='ltr'>aut,</span> <span class='ocrx_word' id='word_1_285' title='bbox 1324 2409 1356 2456; x_wconf 94' lang='lat' dir='ltr'>ut</span> <span class='ocrx_word' id='word_1_286' title='bbox 1370 2399 1454 2472; x_wconf 82' lang='lat' dir='ltr'>Crat,</span> 
     </span>
     <span class='ocr_line' id='line_1_25' title="bbox 286 2476 1454 2562; baseline 0.001 -21"><span class='ocrx_word' id='word_1_287' title='bbox 286 2503 312 2541; x_wconf 90' lang='lat' dir='ltr'>o.</span> <span class='ocrx_word' id='word_1_288' title='bbox 329 2489 392 2556; x_wconf 83' lang='lat' dir='ltr'>ipso</span> <span class='ocrx_word' id='word_1_289' title='bbox 408 2492 434 2541; x_wconf 83' lang='lat' dir='ltr'>et</span> <span class='ocrx_word' id='word_1_290' title='bbox 448 2486 477 2542; x_wconf 81' lang='lat' dir='ltr'>b.</span> <span class='ocrx_word' id='word_1_291' title='bbox 492 2476 542 2559; x_wconf 74' lang='grc'><strong>9.),</strong></span> <span class='ocrx_word' id='word_1_292' title='bbox 565 2485 662 2542; x_wconf 88' lang='lat' dir='ltr'>deinde</span> <span class='ocrx_word' id='word_1_293' title='bbox 677 2493 704 2542; x_wconf 87' lang='lat' dir='ltr'>et</span> <span class='ocrx_word' id='word_1_294' title='bbox 719 2502 792 2542; x_wconf 83' lang='lat' dir='ltr'>casn</span> <span class='ocrx_word' id='word_1_295' title='bbox 808 2533 815 2548; x_wconf 86' lang='lat'><strong><em>.</em></strong></span> <span class='ocrx_word' id='word_1_296' title='bbox 833 2527 839 2540; x_wconf 91' lang='lat'>.</span> <span class='ocrx_word' id='word_1_297' title='bbox 857 2488 994 2562; x_wconf 78' lang='lat' dir='ltr'>societate</span> <span class='ocrx_word' id='word_1_298' title='bbox 1008 2484 1092 2540; x_wconf 89' lang='lat' dir='ltr'>altera</span> <span class='ocrx_word' id='word_1_299' title='bbox 1108 2485 1144 2540; x_wconf 88' lang='lat' dir='ltr'>sit</span> <span class='ocrx_word' id='word_1_300' title='bbox 1159 2501 1247 2556; x_wconf 88' lang='lat' dir='ltr'>causa,</span> <span class='ocrx_word' id='word_1_301' title='bbox 1269 2502 1317 2541; x_wconf 92' lang='lat' dir='ltr'>cur</span> <span class='ocrx_word' id='word_1_302' title='bbox 1337 2485 1383 2547; x_wconf 85' lang='lat' dir='ltr'>iila</span> <span class='ocrx_word' id='word_1_303' title='bbox 1409 2502 1454 2542; x_wconf 91' lang='lat' dir='ltr'>su-</span> 
     </span>
     <span class='ocr_line' id='line_1_26' title="bbox 286 2566 1452 2643; baseline 0.003 -19"><span class='ocrx_word' id='word_1_304' title='bbox 286 2570 368 2625; x_wconf 84' lang='lat' dir='ltr'>cictns</span> <span class='ocrx_word' id='word_1_305' title='bbox 385 2572 495 2626; x_wconf 80' lang='lat' dir='ltr'>maxima</span> <span class='ocrx_word' id='word_1_306' title='bbox 509 2586 570 2643; x_wconf 90' lang='lat' dir='ltr'>pars</span> <span class='ocrx_word' id='word_1_307' title='bbox 587 2570 669 2626; x_wconf 86' lang='lat' dir='ltr'>inerit</span> <span class='ocrx_word' id='word_1_308' title='bbox 683 2572 808 2626; x_wconf 84' lang='lat' dir='ltr'>elvitatis.</span> <span class='ocrx_word' id='word_1_309' title='bbox 838 2569 905 2643; x_wconf 84' lang='lat' dir='ltr'>Ego,</span> <span class='ocrx_word' id='word_1_310' title='bbox 922 2567 1023 2624; x_wconf 82' lang='lat' dir='ltr'>erErn.</span> <span class='ocrx_word' id='word_1_311' title='bbox 1039 2566 1112 2640; x_wconf 89' lang='lat' dir='ltr'>conj.</span> <span class='ocrx_word' id='word_1_312' title='bbox 1129 2570 1204 2625; x_wconf 91' lang='lat' dir='ltr'>uncis</span> <span class='ocrx_word' id='word_1_313' title='bbox 1220 2570 1325 2627; x_wconf 90' lang='lat' dir='ltr'>incluso</span> <span class='ocrx_word' id='word_1_314' title='bbox 1342 2571 1452 2641; x_wconf 80' lang='lat' dir='ltr'>ordine,</span> 
     </span>
     <span class='ocr_line' id='line_1_27' title="bbox 286 2650 1451 2729; baseline 0.002 -20"><span class='ocrx_word' id='word_1_315' title='bbox 286 2655 332 2710; x_wconf 89' lang='lat' dir='ltr'>sic:</span> <span class='ocrx_word' id='word_1_316' title='bbox 360 2673 385 2728; x_wconf 87' lang='lat' dir='ltr'>q.</span> <span class='ocrx_word' id='word_1_317' title='bbox 408 2671 431 2711; x_wconf 86' lang='lat' dir='ltr'>s.</span> <span class='ocrx_word' id='word_1_318' title='bbox 451 2650 598 2729; x_wconf 59' lang='lat' dir='ltr'>[ordina]</span> <span class='ocrx_word' id='word_1_319' title='bbox 617 2658 634 2711; x_wconf 80' lang='lat' dir='ltr'>i.</span> <span class='ocrx_word' id='word_1_320' title='bbox 657 2656 685 2711; x_wconf 87' lang='lat' dir='ltr'>b.</span> <span class='ocrx_word' id='word_1_321' title='bbox 705 2674 732 2729; x_wconf 77' lang='lat'>9.</span> <span class='ocrx_word' id='word_1_322' title='bbox 750 2673 781 2729; x_wconf 85' lang='lat' dir='ltr'>p.</span> <span class='ocrx_word' id='word_1_323' title='bbox 805 2672 829 2712; x_wconf 88' lang='lat' dir='ltr'>e.</span> <span class='ocrx_word' id='word_1_324' title='bbox 853 2674 888 2710; x_wconf 88' lang='lat' dir='ltr'>m.</span> <span class='ocrx_word' id='word_1_325' title='bbox 917 2671 941 2710; x_wconf 91' lang='lat' dir='ltr'>c.</span> <span class='ocrx_word' id='word_1_326' title='bbox 965 2662 1138 2711; x_wconf 81' lang='lat' dir='ltr'>-constat</span> <span class='ocrx_word' id='word_1_327' title='bbox 1161 2661 1451 2726; x_wconf 78' lang='lat' dir='ltr'>..s-,eicosn</span> 
     </span>
     <span class='ocr_line' id='line_1_28' title="bbox 286 2738 1451 2813; baseline 0.001 -19"><span class='ocrx_word' id='word_1_328' title='bbox 286 2738 443 2795; x_wconf 80' lang='lat' dir='ltr'>biicruntur</span> <span class='ocrx_word' id='word_1_329' title='bbox 463 2738 531 2795; x_wconf 88' lang='lat' dir='ltr'>duae</span> <span class='ocrx_word' id='word_1_330' title='bbox 553 2756 659 2811; x_wconf 86' lang='lat' dir='ltr'>causae,</span> <span class='ocrx_word' id='word_1_331' title='bbox 680 2757 730 2796; x_wconf 92' lang='lat' dir='ltr'>cur</span> <span class='ocrx_word' id='word_1_332' title='bbox 750 2738 843 2796; x_wconf 79' lang='lat' dir='ltr'>Cicero</span> <span class='ocrx_word' id='word_1_333' title='bbox 859 2740 995 2813; x_wconf 89' lang='lat' dir='ltr'>inprimis</span> <span class='ocrx_word' id='word_1_334' title='bbox 1019 2740 1119 2794; x_wconf 86' lang='lat' dir='ltr'>arnieus</span> <span class='ocrx_word' id='word_1_335' title='bbox 1134 2741 1170 2795; x_wconf 90' lang='lat' dir='ltr'>sit</span> <span class='ocrx_word' id='word_1_336' title='bbox 1185 2739 1214 2795; x_wconf 83' lang='lat' dir='ltr'>li.</span> <span class='ocrx_word' id='word_1_337' title='bbox 1230 2741 1368 2795; x_wconf 88' lang='lat' dir='ltr'>societati:</span> <span class='ocrx_word' id='word_1_338' title='bbox 1391 2756 1451 2811; x_wconf 87' lang='lat' dir='ltr'>nna,</span> 
     </span>
     <span class='ocr_line' id='line_1_29' title="bbox 286 2816 1450 2899; baseline 0.001 -19"><span class='ocrx_word' id='word_1_339' title='bbox 286 2823 361 2896; x_wconf 91' lang='lat' dir='ltr'>quod</span> <span class='ocrx_word' id='word_1_340' title='bbox 382 2824 496 2881; x_wconf 80' lang='lat' dir='ltr'>maxima</span> <span class='ocrx_word' id='word_1_341' title='bbox 516 2841 578 2898; x_wconf 90' lang='lat' dir='ltr'>pars</span> <span class='ocrx_word' id='word_1_342' title='bbox 599 2826 634 2881; x_wconf 87' lang='lat' dir='ltr'>sit</span> <span class='ocrx_word' id='word_1_343' title='bbox 655 2826 718 2896; x_wconf 77' lang='lat' dir='ltr'>cin,</span> <span class='ocrx_word' id='word_1_344' title='bbox 740 2834 770 2881; x_wconf 91' lang='lat' dir='ltr'>nt</span> <span class='ocrx_word' id='word_1_345' title='bbox 790 2841 859 2899; x_wconf 88' lang='lat' dir='ltr'>qnae</span> <span class='ocrx_word' id='word_1_346' title='bbox 877 2816 909 2880; x_wconf 83' lang='lat' dir='ltr'>er</span> <span class='ocrx_word' id='word_1_347' title='bbox 925 2840 947 2880; x_wconf 89' lang='lat' dir='ltr'>c.</span> <span class='ocrx_word' id='word_1_348' title='bbox 965 2842 986 2879; x_wconf 84' lang='lat' dir='ltr'>s.</span> <span class='ocrx_word' id='word_1_349' title='bbox 1003 2819 1237 2896; x_wconf 70' lang='lat' dir='ltr'>consauciatur.</span> <span class='ocrx_word' id='word_1_350' title='bbox 1254 2820 1450 2899; x_wconf 72' lang='lat' dir='ltr'>elemosina),</span> 
     </span>
     <span class='ocr_line' id='line_1_30' title="bbox 285 2907 1452 2984; baseline 0.001 -20"><span class='ocrx_word' id='word_1_351' title='bbox 285 2909 379 2981; x_wconf 90' lang='lat' dir='ltr'>altera,</span> <span class='ocrx_word' id='word_1_352' title='bbox 400 2909 472 2983; x_wconf 89' lang='lat' dir='ltr'>quod</span> <span class='ocrx_word' id='word_1_353' title='bbox 493 2927 557 2966; x_wconf 88' lang='lat' dir='ltr'>casn</span> <span class='ocrx_word' id='word_1_354' title='bbox 572 2909 699 2984; x_wconf 91' lang='lat' dir='ltr'>permulti</span> <span class='ocrx_word' id='word_1_355' title='bbox 718 2911 746 2966; x_wconf 90' lang='lat' dir='ltr'>in</span> <span class='ocrx_word' id='word_1_356' title='bbox 762 2928 791 2967; x_wconf 91' lang='lat' dir='ltr'>ea</span> <span class='ocrx_word' id='word_1_357' title='bbox 807 2912 861 2966; x_wconf 90' lang='lat' dir='ltr'>sint</span> <span class='ocrx_word' id='word_1_358' title='bbox 881 2910 933 2983; x_wconf 90' lang='lat' dir='ltr'>ipsi</span> <span class='ocrx_word' id='word_1_359' title='bbox 954 2907 1151 2965; x_wconf 82' lang='lat' dir='ltr'>familiarissimi</span> <span class='ocrx_word' id='word_1_360' title='bbox 1166 2910 1193 2964; x_wconf 94' lang='lat' dir='ltr'>in</span> <span class='ocrx_word' id='word_1_361' title='bbox 1208 2909 1357 2983; x_wconf 88' lang='lat' dir='ltr'>primisque</span> <span class='ocrx_word' id='word_1_362' title='bbox 1371 2908 1452 2983; x_wconf 90' lang='lat' dir='ltr'>llnpi·</span> 
     </span>
     <span class='ocr_line' id='line_1_31' title="bbox 286 2991 1451 3069; baseline -0.001 -20"><span class='ocrx_word' id='word_1_363' title='bbox 286 2993 348 3051; x_wconf 91' lang='lat' dir='ltr'>iius.</span> <span class='ocrx_word' id='word_1_364' title='bbox 381 2994 487 3052; x_wconf 80' lang='lat' dir='ltr'>Ordine</span> <span class='ocrx_word' id='word_1_365' title='bbox 506 2994 531 3050; x_wconf 90' lang='lat' dir='ltr'>si</span> <span class='ocrx_word' id='word_1_366' title='bbox 550 2994 620 3050; x_wconf 88' lang='lat' dir='ltr'>idem</span> <span class='ocrx_word' id='word_1_367' title='bbox 636 3003 678 3051; x_wconf 85' lang='lat' dir='ltr'>est</span> <span class='ocrx_word' id='word_1_368' title='bbox 693 2995 767 3068; x_wconf 91' lang='lat' dir='ltr'>qnod</span> <span class='ocrx_word' id='word_1_369' title='bbox 781 3010 899 3069; x_wconf 71' lang='lat' dir='ltr'>genere,</span> <span class='ocrx_word' id='word_1_370' title='bbox 914 2993 993 3067; x_wconf 88' lang='lat' dir='ltr'>plane</span> <span class='ocrx_word' id='word_1_371' title='bbox 1008 2991 1124 3048; x_wconf 88' lang='lat' dir='ltr'>abundat</span> <span class='ocrx_word' id='word_1_372' title='bbox 1140 3010 1189 3049; x_wconf 88' lang='lat' dir='ltr'>aec</span> <span class='ocrx_word' id='word_1_373' title='bbox 1204 3001 1267 3067; x_wconf 86' lang='lat' dir='ltr'>apte</span> <span class='ocrx_word' id='word_1_374' title='bbox 1282 2992 1332 3049; x_wconf 85' lang='lat' dir='ltr'>alia</span> <span class='ocrx_word' id='word_1_375' title='bbox 1348 2991 1451 3068; x_wconf 85' lang='lat' dir='ltr'>signill-</span> 
     </span>
     <span class='ocr_line' id='line_1_32' title="bbox 286 3078 1451 3153; baseline 0.002 -20"><span class='ocrx_word' id='word_1_376' title='bbox 286 3080 391 3135; x_wconf 89' lang='lat' dir='ltr'>catione</span> <span class='ocrx_word' id='word_1_377' title='bbox 404 3080 523 3153; x_wconf 88' lang='lat' dir='ltr'>positum</span> <span class='ocrx_word' id='word_1_378' title='bbox 543 3088 584 3135; x_wconf 90' lang='lat' dir='ltr'>cst</span> <span class='ocrx_word' id='word_1_379' title='bbox 600 3087 681 3152; x_wconf 85' lang='lat' dir='ltr'>atque</span> <span class='ocrx_word' id='word_1_380' title='bbox 698 3081 839 3153; x_wconf 88' lang='lat' dir='ltr'>superiora</span> <span class='ocrx_word' id='word_1_381' title='bbox 852 3080 948 3136; x_wconf 82' lang='lat' dir='ltr'>ordini</span> <span class='ocrx_word' id='word_1_382' title='bbox 959 3088 987 3135; x_wconf 91' lang='lat' dir='ltr'>ct</span> <span class='ocrx_word' id='word_1_383' title='bbox 998 3080 1122 3152; x_wconf 55' lang='lat' dir='ltr'>ordiam</span> <span class='ocrx_word' id='word_1_384' title='bbox 1140 3079 1194 3148; x_wconf 89' lang='lat' dir='ltr'>sin,</span> <span class='ocrx_word' id='word_1_385' title='bbox 1206 3087 1237 3134; x_wconf 91' lang='lat' dir='ltr'>ut</span> <span class='ocrx_word' id='word_1_386' title='bbox 1253 3078 1359 3137; x_wconf 89' lang='lat' dir='ltr'>volebat</span> <span class='ocrx_word' id='word_1_387' title='bbox 1373 3078 1451 3151; x_wconf 82' lang='lat' dir='ltr'>blan,</span> 
     </span>
     <span class='ocr_line' id='line_1_33' title="bbox 285 3160 1465 3238; baseline 0.001 -20"><span class='ocrx_word' id='word_1_388' title='bbox 285 3163 356 3219; x_wconf 90' lang='lat' dir='ltr'>idem</span> <span class='ocrx_word' id='word_1_389' title='bbox 368 3173 421 3235; x_wconf 85' lang='lat' dir='ltr'>cst,</span> <span class='ocrx_word' id='word_1_390' title='bbox 431 3163 503 3237; x_wconf 91' lang='lat' dir='ltr'>quod</span> <span class='ocrx_word' id='word_1_391' title='bbox 516 3180 598 3237; x_wconf 88' lang='lat' dir='ltr'>supra</span> <span class='ocrx_word' id='word_1_392' title='bbox 613 3160 650 3238; x_wconf 73' lang='lat' dir='ltr'>(aa</span> <span class='ocrx_word' id='word_1_393' title='bbox 663 3168 791 3237; x_wconf 80' lang='lat' dir='ltr'>equestri</span> <span class='ocrx_word' id='word_1_394' title='bbox 803 3163 899 3229; x_wconf 26' lang='lat' dir='ltr'>,ordine</span> <span class='ocrx_word' id='word_1_395' title='bbox 911 3165 1031 3220; x_wconf 91' lang='lat' dir='ltr'>omnium</span> <span class='ocrx_word' id='word_1_396' title='bbox 1043 3160 1269 3238; x_wconf 85' lang='lat' dir='ltr'>publicanorum),</span> <span class='ocrx_word' id='word_1_397' title='bbox 1280 3163 1465 3221; x_wconf 83' lang='lat' dir='ltr'>scribendum-</span> 
     </span>
     <span class='ocr_line' id='line_1_34' title="bbox 286 3247 1451 3323; baseline 0.001 -19"><span class='ocrx_word' id='word_1_398' title='bbox 286 3257 361 3305; x_wconf 88' lang='lat' dir='ltr'>certc</span> <span class='ocrx_word' id='word_1_399' title='bbox 376 3248 440 3304; x_wconf 89' lang='lat' dir='ltr'>init:</span> <span class='ocrx_word' id='word_1_400' title='bbox 457 3255 507 3320; x_wconf 85' lang='lat' dir='ltr'>„ei</span> <span class='ocrx_word' id='word_1_401' title='bbox 522 3248 579 3304; x_wconf 86' lang='lat' dir='ltr'>ord.</span> <span class='ocrx_word' id='word_1_402' title='bbox 597 3255 624 3305; x_wconf 86' lang='lat' dir='ltr'>ct</span> <span class='ocrx_word' id='word_1_403' title='bbox 640 3251 657 3304; x_wconf 90' lang='lat' dir='ltr'>i.</span> <span class='ocrx_word' id='word_1_404' title='bbox 675 3249 701 3308; x_wconf 92' lang='grc' dir='ltr'>Ιι.</span> <span class='ocrx_word' id='word_1_405' title='bbox 720 3248 781 3323; x_wconf 88' lang='lat' dir='ltr'>g.“,</span> <span class='ocrx_word' id='word_1_406' title='bbox 801 3248 859 3320; x_wconf 93' lang='lat' dir='ltr'>sed,</span> <span class='ocrx_word' id='word_1_407' title='bbox 882 3250 958 3304; x_wconf 89' lang='lat' dir='ltr'>cuius</span> <span class='ocrx_word' id='word_1_408' title='bbox 980 3247 1082 3304; x_wconf 87' lang='lat' dir='ltr'>ordinis</span> <span class='ocrx_word' id='word_1_409' title='bbox 1104 3248 1263 3304; x_wconf 63' lang='lat' dir='ltr'>insaciatus</span> <span class='ocrx_word' id='word_1_410' title='bbox 1284 3257 1366 3318; x_wconf 87' lang='lat' dir='ltr'>esset,</span> <span class='ocrx_word' id='word_1_411' title='bbox 1387 3250 1451 3305; x_wconf 84' lang='lat' dir='ltr'>satis</span> 
     </span>
     <span class='ocr_line' id='line_1_35' title="bbox 285 3331 1451 3408; baseline -0.001 -19"><span class='ocrx_word' id='word_1_412' title='bbox 285 3335 336 3389; x_wconf 88' lang='lat' dir='ltr'>iam</span> <span class='ocrx_word' id='word_1_413' title='bbox 356 3331 537 3408; x_wconf 82' lang='lat' dir='ltr'>significatum</span> <span class='ocrx_word' id='word_1_414' title='bbox 559 3341 627 3404; x_wconf 88' lang='lat' dir='ltr'>erat,</span> <span class='ocrx_word' id='word_1_415' title='bbox 654 3348 703 3390; x_wconf 89' lang='lat' dir='ltr'>nec</span> <span class='ocrx_word' id='word_1_416' title='bbox 723 3335 833 3390; x_wconf 89' lang='lat' dir='ltr'>omnino</span> <span class='ocrx_word' id='word_1_417' title='bbox 856 3335 955 3390; x_wconf 84' lang='lat' dir='ltr'>ardiae</span> <span class='ocrx_word' id='word_1_418' title='bbox 975 3335 1014 3389; x_wconf 91' lang='lat' dir='ltr'>sic</span> <span class='ocrx_word' id='word_1_419' title='bbox 1035 3332 1135 3389; x_wconf 89' lang='lat' dir='ltr'>dictum</span> <span class='ocrx_word' id='word_1_420' title='bbox 1157 3334 1184 3388; x_wconf 91' lang='lat' dir='ltr'>iu</span> <span class='ocrx_word' id='word_1_421' title='bbox 1206 3332 1275 3389; x_wconf 87' lang='lat' dir='ltr'>bauo</span> <span class='ocrx_word' id='word_1_422' title='bbox 1288 3335 1451 3395; x_wconf 80' lang='lat' dir='ltr'>sententiam</span> 
     </span>
     <span class='ocr_line' id='line_1_36' title="bbox 286 3417 1452 3493; baseline 0 -18"><span class='ocrx_word' id='word_1_423' title='bbox 286 3419 451 3482; x_wconf 85' lang='lat' dir='ltr'>conveniret.</span> <span class='ocrx_word' id='word_1_424' title='bbox 491 3418 560 3476; x_wconf 80' lang='lat' dir='ltr'>era.</span> <span class='ocrx_word' id='word_1_425' title='bbox 579 3420 637 3475; x_wconf 91' lang='lat' dir='ltr'>sine</span> <span class='ocrx_word' id='word_1_426' title='bbox 658 3417 740 3475; x_wconf 92' lang='lat' dir='ltr'>dnbio</span> <span class='ocrx_word' id='word_1_427' title='bbox 761 3435 816 3475; x_wconf 91' lang='lat' dir='ltr'>non</span> <span class='ocrx_word' id='word_1_428' title='bbox 842 3419 1046 3493; x_wconf 84' lang='lat' dir='ltr'>interpretantis</span> <span class='ocrx_word' id='word_1_429' title='bbox 1073 3417 1295 3491; x_wconf 85' lang='lat' dir='ltr'>interpolantisve</span> <span class='ocrx_word' id='word_1_430' title='bbox 1316 3428 1373 3489; x_wconf 86' lang='lat' dir='ltr'>est,</span> <span class='ocrx_word' id='word_1_431' title='bbox 1404 3418 1452 3475; x_wconf 90' lang='lat' dir='ltr'>sed</span> 
     </span>
     <span class='ocr_line' id='line_1_37' title="bbox 285 3502 1452 3579; baseline 0.003 -22"><span class='ocrx_word' id='word_1_432' title='bbox 285 3503 343 3558; x_wconf 89' lang='lat' dir='ltr'>sive</span> <span class='ocrx_word' id='word_1_433' title='bbox 363 3503 395 3558; x_wconf 83' lang='lat' dir='ltr'>ari</span> <span class='ocrx_word' id='word_1_434' title='bbox 411 3507 507 3579; x_wconf 73' lang='lat' dir='ltr'>ordini</span> <span class='ocrx_word' id='word_1_435' title='bbox 520 3504 576 3559; x_wconf 91' lang='lat' dir='ltr'>sive</span> <span class='ocrx_word' id='word_1_436' title='bbox 591 3503 624 3559; x_wconf 90' lang='lat' dir='ltr'>ad</span> <span class='ocrx_word' id='word_1_437' title='bbox 640 3506 747 3561; x_wconf 82' lang='lat' dir='ltr'>ordinis</span> <span class='ocrx_word' id='word_1_438' title='bbox 762 3502 917 3560; x_wconf 88' lang='lat' dir='ltr'>aberrantis.</span> <span class='ocrx_word' id='word_1_439' title='bbox 956 3503 991 3559; x_wconf 87' lang='lat' dir='ltr'>iie</span> <span class='ocrx_word' id='word_1_440' title='bbox 1012 3502 1127 3576; x_wconf 90' lang='lat' dir='ltr'>reliquo,</span> <span class='ocrx_word' id='word_1_441' title='bbox 1143 3519 1195 3575; x_wconf 84' lang='lat' dir='ltr'>ego</span> <span class='ocrx_word' id='word_1_442' title='bbox 1213 3519 1323 3576; x_wconf 91' lang='lat' dir='ltr'>quoqne</span> <span class='ocrx_word' id='word_1_443' title='bbox 1337 3504 1365 3559; x_wconf 90' lang='lat' dir='ltr'>iu</span> <span class='ocrx_word' id='word_1_444' title='bbox 1379 3519 1452 3576; x_wconf 82' lang='lat' dir='ltr'>pars</span> 
     </span>
     <span class='ocr_line' id='line_1_38' title="bbox 286 3584 1451 3664; baseline 0 -20"><span class='ocrx_word' id='word_1_445' title='bbox 286 3587 408 3644; x_wconf 86' lang='lat' dir='ltr'>nonniirii</span> <span class='ocrx_word' id='word_1_446' title='bbox 425 3589 523 3645; x_wconf 86' lang='lat' dir='ltr'>haereo</span> <span class='ocrx_word' id='word_1_447' title='bbox 544 3587 580 3660; x_wconf 93' lang='lat' dir='ltr'>(v.</span> <span class='ocrx_word' id='word_1_448' title='bbox 601 3587 662 3644; x_wconf 88' lang='lat' dir='ltr'>Era.</span> <span class='ocrx_word' id='word_1_449' title='bbox 683 3597 710 3644; x_wconf 91' lang='lat' dir='ltr'>et</span> <span class='ocrx_word' id='word_1_450' title='bbox 725 3584 814 3664; x_wconf 58' lang='lat' dir='ltr'>Sch,):</span> <span class='ocrx_word' id='word_1_451' title='bbox 835 3586 897 3649; x_wconf 79' lang='lat' dir='ltr'>Scir.</span> <span class='ocrx_word' id='word_1_452' title='bbox 920 3588 991 3644; x_wconf 88' lang='lat' dir='ltr'>band</span> <span class='ocrx_word' id='word_1_453' title='bbox 1006 3588 1102 3644; x_wconf 86' lang='lat' dir='ltr'>inscite</span> <span class='ocrx_word' id='word_1_454' title='bbox 1124 3588 1240 3645; x_wconf 90' lang='lat' dir='ltr'>coniecit</span> <span class='ocrx_word' id='word_1_455' title='bbox 1253 3604 1397 3659; x_wconf 63' lang='lat' dir='ltr'>prorsam</span> <span class='ocrx_word' id='word_1_456' title='bbox 1419 3605 1451 3644; x_wconf 85' lang='lat' dir='ltr'>er</span> 
     </span>
     <span class='ocr_line' id='line_1_39' title="bbox 284 3668 1453 3749; baseline 0.002 -21"><span class='ocrx_word' id='word_1_457' title='bbox 284 3689 392 3746; x_wconf 83' lang='lat' dir='ltr'>prosas</span> <span class='ocrx_word' id='word_1_458' title='bbox 414 3668 463 3745; x_wconf 88' lang='lat' dir='ltr'>(sic</span> <span class='ocrx_word' id='word_1_459' title='bbox 477 3673 502 3729; x_wconf 89' lang='lat' dir='ltr'>bi</span> <span class='ocrx_word' id='word_1_460' title='bbox 517 3689 561 3747; x_wconf 89' lang='lat' dir='ltr'>ep.</span> <span class='ocrx_word' id='word_1_461' title='bbox 580 3672 628 3746; x_wconf 85' lang='lat'>13,</span> <span class='ocrx_word' id='word_1_462' title='bbox 651 3682 681 3729; x_wconf 91' lang='lat' dir='ltr'>ut</span> <span class='ocrx_word' id='word_1_463' title='bbox 702 3672 760 3730; x_wconf 88' lang='lat' dir='ltr'>iere</span> <span class='ocrx_word' id='word_1_464' title='bbox 782 3689 869 3730; x_wconf 86' lang='lat' dir='ltr'>rusus</span> <span class='ocrx_word' id='word_1_465' title='bbox 884 3691 934 3748; x_wconf 94' lang='lat' dir='ltr'>pro</span> <span class='ocrx_word' id='word_1_466' title='bbox 950 3668 1064 3749; x_wconf 73' lang='lat' dir='ltr'>rursus)</span> <span class='ocrx_word' id='word_1_467' title='bbox 1087 3674 1188 3730; x_wconf 78' lang='lat' dir='ltr'>ornisso</span> <span class='ocrx_word' id='word_1_468' title='bbox 1210 3689 1245 3729; x_wconf 87' lang='lat' dir='ltr'>ns</span> <span class='ocrx_word' id='word_1_469' title='bbox 1264 3680 1326 3728; x_wconf 90' lang='lat' dir='ltr'>ante</span> <span class='ocrx_word' id='word_1_470' title='bbox 1347 3689 1379 3735; x_wconf 83' lang='lat' dir='ltr'>cs</span> <span class='ocrx_word' id='word_1_471' title='bbox 1395 3671 1453 3730; x_wconf 85' lang='lat' dir='ltr'>lieri</span> 
     </span>
     <span class='ocr_line' id='line_1_40' title="bbox 285 3757 1480 3831; baseline 0.002 -19"><span class='ocrx_word' id='word_1_472' title='bbox 285 3770 360 3831; x_wconf 84' lang='lat' dir='ltr'>para</span> <span class='ocrx_word' id='word_1_473' title='bbox 374 3757 452 3814; x_wconf 88' lang='lat' dir='ltr'>iaciie</span> <span class='ocrx_word' id='word_1_474' title='bbox 466 3760 566 3831; x_wconf 90' lang='lat' dir='ltr'>potuit.</span> <span class='ocrx_word' id='word_1_475' title='bbox 1476 3817 1480 3831; x_wconf 61' lang='lat'>,</span> 
     </span>
    </p>

    <p class='ocr_par' dir='ltr' id='par_1_7' title="bbox 286 3836 1454 4514">
     <span class='ocr_line' id='line_1_41' title="bbox 369 3836 1451 3919; baseline 0.001 -21"><span class='ocrx_word' id='word_1_476' title='bbox 369 3843 432 3910; x_wconf 71' lang='lat' dir='ltr'>Ep.</span> <span class='ocrx_word' id='word_1_477' title='bbox 447 3841 508 3899; x_wconf 77' lang='lat'>³12.</span> <span class='ocrx_word' id='word_1_478' title='bbox 531 3848 559 3900; x_wconf 88' lang='lat'>1.</span> <span class='ocrx_word' id='word_1_479' title='bbox 595 3842 623 3898; x_wconf 89' lang='grc' dir='ltr'><strong>Β.</strong></span> <span class='ocrx_word' id='word_1_480' title='bbox 641 3859 672 3899; x_wconf 81' lang='lat' dir='ltr'>es</span> <span class='ocrx_word' id='word_1_481' title='bbox 687 3860 735 3900; x_wconf 89' lang='lat' dir='ltr'>sua</span> <span class='ocrx_word' id='word_1_482' title='bbox 749 3841 821 3914; x_wconf 88' lang='lat' dir='ltr'>conj.</span> <span class='ocrx_word' id='word_1_483' title='bbox 838 3836 995 3918; x_wconf 88' lang='lat' dir='ltr'>(eademqne</span> <span class='ocrx_word' id='word_1_484' title='bbox 1010 3859 1078 3916; x_wconf 89' lang='lat' dir='ltr'>mea,</span> <span class='ocrx_word' id='word_1_485' title='bbox 1094 3842 1142 3899; x_wconf 89' lang='lat' dir='ltr'>sed</span> <span class='ocrx_word' id='word_1_486' title='bbox 1159 3842 1247 3914; x_wconf 87' lang='lat' dir='ltr'>dubia,</span> <span class='ocrx_word' id='word_1_487' title='bbox 1269 3841 1324 3898; x_wconf 87' lang='lat' dir='ltr'>Em.</span> <span class='ocrx_word' id='word_1_488' title='bbox 1340 3860 1368 3917; x_wconf 85' lang='lat' dir='ltr'>p.</span> <span class='ocrx_word' id='word_1_489' title='bbox 1385 3840 1451 3919; x_wconf 75' lang='lat' dir='ltr'>ubi:</span> 
     </span>
     <span class='ocr_line' id='line_1_42' title="bbox 286 3927 1453 4002; baseline 0 -17"><span class='ocrx_word' id='word_1_490' title='bbox 286 3934 317 3985; x_wconf 84' lang='lat' dir='ltr'>nt</span> <span class='ocrx_word' id='word_1_491' title='bbox 339 3929 379 3984; x_wconf 88' lang='lat' dir='ltr'>ad</span> <span class='ocrx_word' id='word_1_492' title='bbox 396 3930 474 3985; x_wconf 82' lang='lat' dir='ltr'>iliam</span> <span class='ocrx_word' id='word_1_493' title='bbox 495 3928 573 3993; x_wconf 71' lang='lat' dir='ltr'>branc</span> <span class='ocrx_word' id='word_1_494' title='bbox 594 3929 709 3985; x_wconf 84' lang='lat' dir='ltr'>addam.</span> <span class='ocrx_word' id='word_1_495' title='bbox 744 3927 802 4002; x_wconf 87' lang='lat' dir='ltr'>Ego</span> <span class='ocrx_word' id='word_1_496' title='bbox 824 3944 895 3983; x_wconf 88' lang='lat' dir='ltr'>nunc</span> <span class='ocrx_word' id='word_1_497' title='bbox 911 3944 942 3985; x_wconf 81' lang='lat' dir='ltr'>ex</span> <span class='ocrx_word' id='word_1_498' title='bbox 958 3928 995 3984; x_wconf 84' lang='lat' dir='ltr'>li:</span> <span class='ocrx_word' id='word_1_499' title='bbox 1017 3935 1048 3984; x_wconf 84' lang='lat' dir='ltr'>ut</span> <span class='ocrx_word' id='word_1_500' title='bbox 1070 3930 1110 3984; x_wconf 86' lang='lat' dir='ltr'>ad</span> <span class='ocrx_word' id='word_1_501' title='bbox 1123 3929 1151 3984; x_wconf 81' lang='lat' dir='ltr'>lv.</span> <span class='ocrx_word' id='word_1_502' title='bbox 1168 3946 1214 4000; x_wconf 75' lang='lat' dir='ltr'>a,</span> <span class='ocrx_word' id='word_1_503' title='bbox 1235 3927 1306 4002; x_wconf 89' lang='lat' dir='ltr'>quod</span> <span class='ocrx_word' id='word_1_504' title='bbox 1327 3928 1393 3984; x_wconf 87' lang='lat' dir='ltr'>milri</span> <span class='ocrx_word' id='word_1_505' title='bbox 1414 3931 1453 3985; x_wconf 91' lang='lat' dir='ltr'>sie</span> 
     </span>
     <span class='ocr_line' id='line_1_43' title="bbox 286 4010 1452 4087; baseline 0.002 -20"><span class='ocrx_word' id='word_1_506' title='bbox 286 4010 393 4068; x_wconf 88' lang='lat' dir='ltr'>delendi</span> <span class='ocrx_word' id='word_1_507' title='bbox 408 4029 490 4085; x_wconf 89' lang='lat' dir='ltr'>posse</span> <span class='ocrx_word' id='word_1_508' title='bbox 505 4011 623 4069; x_wconf 86' lang='lat' dir='ltr'>videtur:</span> <span class='ocrx_word' id='word_1_509' title='bbox 647 4011 779 4070; x_wconf 81' lang='lat' dir='ltr'>Fufidium</span> <span class='ocrx_word' id='word_1_510' title='bbox 795 4015 938 4086; x_wconf 89' lang='lat' dir='ltr'>separatim</span> <span class='ocrx_word' id='word_1_511' title='bbox 949 4014 1116 4087; x_wconf 75' lang='lat' dir='ltr'>&#39;diligentins</span> <span class='ocrx_word' id='word_1_512' title='bbox 1130 4013 1223 4069; x_wconf 81' lang='lat' dir='ltr'>Cicero</span> <span class='ocrx_word' id='word_1_513' title='bbox 1239 4013 1452 4087; x_wconf 78' lang='lat' dir='ltr'>colurneadabat,</span> 
     </span>
     <span class='ocr_line' id='line_1_44' title="bbox 286 4096 1452 4172; baseline 0.003 -21"><span class='ocrx_word' id='word_1_514' title='bbox 286 4105 317 4152; x_wconf 89' lang='lat' dir='ltr'>nt</span> <span class='ocrx_word' id='word_1_515' title='bbox 332 4096 364 4151; x_wconf 92' lang='lat' dir='ltr'>ad</span> <span class='ocrx_word' id='word_1_516' title='bbox 380 4113 437 4152; x_wconf 90' lang='lat' dir='ltr'>eam</span> <span class='ocrx_word' id='word_1_517' title='bbox 453 4098 510 4152; x_wconf 89' lang='lat' dir='ltr'>cius</span> <span class='ocrx_word' id='word_1_518' title='bbox 526 4097 802 4170; x_wconf 86' lang='lat' dir='ltr'>commendationem,</span> <span class='ocrx_word' id='word_1_519' title='bbox 823 4115 892 4172; x_wconf 87' lang='lat' dir='ltr'>quae</span> <span class='ocrx_word' id='word_1_520' title='bbox 911 4099 937 4154; x_wconf 90' lang='lat' dir='ltr'>in</span> <span class='ocrx_word' id='word_1_521' title='bbox 960 4100 1095 4155; x_wconf 88' lang='lat' dir='ltr'>communi</span> <span class='ocrx_word' id='word_1_522' title='bbox 1111 4097 1162 4154; x_wconf 88' lang='lat' dir='ltr'>iiia</span> <span class='ocrx_word' id='word_1_523' title='bbox 1183 4098 1336 4172; x_wconf 90' lang='lat' dir='ltr'>legaturum</span> <span class='ocrx_word' id='word_1_524' title='bbox 1355 4099 1452 4169; x_wconf 78' lang='lat' dir='ltr'>inerat,</span> 
     </span>
     <span class='ocr_line' id='line_1_45' title="bbox 286 4181 1452 4258; baseline 0.002 -21"><span class='ocrx_word' id='word_1_525' title='bbox 286 4181 369 4255; x_wconf 89' lang='lat' dir='ltr'>aliqui</span> <span class='ocrx_word' id='word_1_526' title='bbox 385 4197 417 4236; x_wconf 84' lang='lat' dir='ltr'>or</span> <span class='ocrx_word' id='word_1_527' title='bbox 431 4185 540 4239; x_wconf 81' lang='lat' dir='ltr'>maiore</span> <span class='ocrx_word' id='word_1_528' title='bbox 561 4182 611 4238; x_wconf 83' lang='lat' dir='ltr'>irae</span> <span class='ocrx_word' id='word_1_529' title='bbox 629 4184 777 4258; x_wconf 74' lang='lat' dir='ltr'>diligentia</span> <span class='ocrx_word' id='word_1_530' title='bbox 798 4182 940 4241; x_wconf 87' lang='lat' dir='ltr'>accederet</span> <span class='ocrx_word' id='word_1_531' title='bbox 960 4182 1101 4251; x_wconf 86' lang='lat' dir='ltr'>cornubus;</span> <span class='ocrx_word' id='word_1_532' title='bbox 1124 4183 1214 4256; x_wconf 90' lang='lat' dir='ltr'>potuit</span> <span class='ocrx_word' id='word_1_533' title='bbox 1230 4182 1322 4238; x_wconf 86' lang='lat' dir='ltr'>Cicero</span> <span class='ocrx_word' id='word_1_534' title='bbox 1344 4182 1452 4239; x_wconf 89' lang='lat' dir='ltr'>brevius</span> 
     </span>
     <span class='ocr_line' id='line_1_46' title="bbox 287 4263 1453 4344; baseline 0.003 -22"><span class='ocrx_word' id='word_1_535' title='bbox 287 4266 392 4322; x_wconf 88' lang='lat' dir='ltr'>dicere:</span> <span class='ocrx_word' id='word_1_536' title='bbox 414 4284 491 4336; x_wconf 91' lang='lat' dir='ltr'>„non</span> <span class='ocrx_word' id='word_1_537' title='bbox 507 4274 537 4323; x_wconf 88' lang='lat' dir='ltr'>ut</span> <span class='ocrx_word' id='word_1_538' title='bbox 550 4266 623 4324; x_wconf 88' lang='lat' dir='ltr'>iiiam</span> <span class='ocrx_word' id='word_1_539' title='bbox 638 4284 661 4324; x_wconf 88' lang='lat' dir='ltr'>c.</span> <span class='ocrx_word' id='word_1_540' title='bbox 685 4263 722 4341; x_wconf 76' lang='lat' dir='ltr'>(ot</span> <span class='ocrx_word' id='word_1_541' title='bbox 743 4267 815 4324; x_wconf 90' lang='lat' dir='ltr'>illins</span> <span class='ocrx_word' id='word_1_542' title='bbox 831 4285 853 4325; x_wconf 90' lang='lat' dir='ltr'>c.</span> <span class='ocrx_word' id='word_1_543' title='bbox 871 4264 1047 4344; x_wconf 84' lang='lat' dir='ltr'>diligentiam)</span> <span class='ocrx_word' id='word_1_544' title='bbox 1069 4268 1239 4338; x_wconf 86' lang='lat' dir='ltr'>deminuam,</span> <span class='ocrx_word' id='word_1_545' title='bbox 1259 4266 1308 4322; x_wconf 84' lang='lat' dir='ltr'>scd</span> <span class='ocrx_word' id='word_1_546' title='bbox 1329 4275 1360 4324; x_wconf 94' lang='lat' dir='ltr'>ut</span> <span class='ocrx_word' id='word_1_547' title='bbox 1374 4269 1453 4326; x_wconf 79' lang='lat' dir='ltr'>banc</span> 
     </span>
     <span class='ocr_line' id='line_1_47' title="bbox 288 4348 1454 4429; baseline 0.004 -25"><span class='ocrx_word' id='word_1_548' title='bbox 288 4348 326 4423; x_wconf 71' lang='lat' dir='ltr'>io:</span> <span class='ocrx_word' id='word_1_549' title='bbox 342 4351 421 4412; x_wconf 78' lang='lat' dir='ltr'>hrains</span> <span class='ocrx_word' id='word_1_550' title='bbox 437 4348 494 4428; x_wconf 91' lang='lat' dir='ltr'>dii.)</span> <span class='ocrx_word' id='word_1_551' title='bbox 511 4367 632 4427; x_wconf 77' lang='lat' dir='ltr'>augeam</span> <span class='ocrx_word' id='word_1_552' title='bbox 647 4350 692 4424; x_wconf 89' lang='lat' dir='ltr'>(ei.</span> <span class='ocrx_word' id='word_1_553' title='bbox 709 4352 785 4408; x_wconf 84' lang='lat' dir='ltr'>Caes.</span> <span class='ocrx_word' id='word_1_554' title='bbox 802 4352 829 4409; x_wconf 91' lang='lat' dir='ltr'>B.</span> <span class='ocrx_word' id='word_1_555' title='bbox 846 4352 873 4409; x_wconf 81' lang='lat' dir='ltr'>C.</span> <span class='ocrx_word' id='word_1_556' title='bbox 889 4353 921 4426; x_wconf 87' lang='lat' dir='ltr'>ii,</span> <span class='ocrx_word' id='word_1_557' title='bbox 937 4350 1006 4429; x_wconf 85' lang='lat'>31);</span> <span class='ocrx_word' id='word_1_558' title='bbox 1028 4354 1129 4428; x_wconf 90' lang='lat' dir='ltr'>optimc</span> <span class='ocrx_word' id='word_1_559' title='bbox 1150 4354 1231 4409; x_wconf 88' lang='lat' dir='ltr'>etiam</span> <span class='ocrx_word' id='word_1_560' title='bbox 1246 4353 1319 4408; x_wconf 89' lang='lat' dir='ltr'>inter</span> <span class='ocrx_word' id='word_1_561' title='bbox 1338 4369 1368 4409; x_wconf 90' lang='lat' dir='ltr'>se</span> <span class='ocrx_word' id='word_1_562' title='bbox 1389 4368 1454 4411; x_wconf 88' lang='lat' dir='ltr'>con·</span> 
     </span>
     <span class='ocr_line' id='line_1_48' title="bbox 287 4435 1453 4514; baseline 0.001 -21"><span class='ocrx_word' id='word_1_563' title='bbox 287 4436 368 4495; x_wconf 88' lang='lat' dir='ltr'>traria</span> <span class='ocrx_word' id='word_1_564' title='bbox 381 4438 549 4514; x_wconf 87' lang='lat' dir='ltr'>respondent</span> <span class='ocrx_word' id='word_1_565' title='bbox 565 4437 620 4512; x_wconf 84' lang='lat' dir='ltr'>„de</span> <span class='ocrx_word' id='word_1_566' title='bbox 634 4437 680 4497; x_wconf 86' lang='lat' dir='ltr'>iiia</span> <span class='ocrx_word' id='word_1_567' title='bbox 694 4455 718 4495; x_wconf 88' lang='lat' dir='ltr'>e.</span> <span class='ocrx_word' id='word_1_568' title='bbox 736 4437 786 4496; x_wconf 87' lang='lat' dir='ltr'>d.“</span> <span class='ocrx_word' id='word_1_569' title='bbox 802 4446 829 4495; x_wconf 89' lang='lat' dir='ltr'>et</span> <span class='ocrx_word' id='word_1_570' title='bbox 849 4438 902 4511; x_wconf 89' lang='lat' dir='ltr'>„ad</span> <span class='ocrx_word' id='word_1_571' title='bbox 917 4439 944 4496; x_wconf 84' lang='lat' dir='ltr'>h.</span> <span class='ocrx_word' id='word_1_572' title='bbox 961 4436 1091 4509; x_wconf 80' lang='lat' dir='ltr'>aridam“;</span> <span class='ocrx_word' id='word_1_573' title='bbox 1112 4454 1144 4494; x_wconf 84' lang='lat' dir='ltr'>er</span> <span class='ocrx_word' id='word_1_574' title='bbox 1164 4439 1258 4513; x_wconf 88' lang='lat' dir='ltr'>priore</span> <span class='ocrx_word' id='word_1_575' title='bbox 1273 4435 1394 4494; x_wconf 88' lang='lat' dir='ltr'>membro</span> <span class='ocrx_word' id='word_1_576' title='bbox 1414 4438 1453 4495; x_wconf 84' lang='lat' dir='ltr'>ia·</span> 
     </span>
    </p>
   </div>
   <div class='ocr_carea' id='block_1_5' title="bbox 0 0 1632 5104">
    <p class='ocr_par' dir='ltr' id='par_1_8' title="bbox 0 0 1632 5104">
     <span class='ocr_line' id='line_1_49' title="bbox 0 0 1632 5104; baseline 0 0"><span class='ocrx_word' id='word_1_577' title='bbox 0 0 1632 5104; x_wconf 95' lang='lat' dir='ltr'> </span> 
     </span>
    </p>
   </div>
  </div>
 </body>
</html>
