3262 5106
457 373 643 439 Epistularum
662 376 698 427 ad
716 376 845 431 Atticum.
880 378 966 427 Liber
983 376 1016 426 X.
1262 373 1322 440 123
1425 428 1428 431 A

242 536 304 601 Ep.
329 537 379 595 14.
403 536 433 591 3.
478 532 506 589 Β.
530 533 785 605 extenuabat:
814 537 866 592 sed
893 537 998 592 turdus
1023 542 1067 592 est
1088 536 1129 593 od
1148 537 1323 593 exeundum.

158 618 275 677 bllilacl:
298 621 352 676 sed
372 625 391 675 t.
416 619 456 675 od
476 635 501 675 e.
544 619 602 694 Ego
632 621 704 676 inter
730 621 802 677 sET
820 610 847 676 e't
873 621 1004 677 TARdus
1025 621 1126 677 inserui
1149 622 1272 689 ERAT,
1294 635 1323 675 a:

157 705 207 762 sed
229 721 262 761 er
282 705 324 773 iis,
348 719 417 776 qnae
440 710 498 760 tum
520 705 643 774 dicebat,
668 705 772 761 tardum
796 722 856 761 eum
879 705 912 761 ad
927 723 969 761 ex.
986 721 1046 762 esse
1069 700 1207 763 videbam.
1245 705 1324 761 Prae·

158 789 228 847 cedit
246 790 426 862 praeteritum
455 791 630 847 distulimus:
659 798 812 863 sequuntur
837 790 933 862 soret,
963 789 1102 861 „odiosus
1126 786 1180 862 (sc.
1205 786 1323 863 erati“,

159 875 358 944 asseverabat,
382 876 593 947 coltipebamus,
617 877 777 947 carpetana
801 875 963 931 describitur
978 875 1080 931 scilicet
1102 883 1159 931 tota
1183 875 1232 933 hac
1247 892 1324 948 para·

158 960 275 1034 grapho,
298 960 368 1015 sicut
390 957 408 1029 S
433 958 461 1030 1,
484 975 573 1016 sermo
596 960 640 1016 ille
664 959 799 1015 Ciceronis
823 977 884 1016 cum
907 959 1012 1032 Servio,
1035 962 1111 1015 cuius
1135 976 1239 1016 summa
1260 960 1325 1016 haee
1373 982 1376 987 ⁴

159 1045 225 1100 luit:
249 1041 358 1115 „Quare
379 1044 406 1099 in
429 1044 482 1100 hoc
503 1061 558 1100 non
581 1045 696 1100 multum
720 1051 776 1108 est;
800 1061 849 1100 nos
873 1062 886 1100 a
909 1052 936 1100 te
959 1061 982 1099 a.
1006 1044 1039 1100 de
1054 1044 1081 1100 d.
1106 1043 1324 1117 copitubimus“.

158 1128 257 1186 ibidem
281 1145 333 1200 ego
357 1145 389 1184 ex
409 1129 560 1213 fieIJANT
579 1130 630 1186 ieci
651 1131 792 1203 1111111111
814 1146 875 1185 uam
897 1133 971 1201 siam
995 1124 1044 1203 (sie
1064 1129 1084 1184 B
1106 1146 1139 1185 ex
1154 1129 1215 1184 Ern.
1240 1128 1324 1200 conj.)

159 1231 242 1288 quum
264 1213 374 1286 longius
397 1230 411 1268 a
433 1216 542 1285 fiebant
557 1214 642 1286 abest,
667 1224 723 1271 tum
746 1222 808 1288 post
824 1210 948 1269 auditum
969 1215 1214 1285 respondebamus
1235 1213 1326 1269 soloe·

159 1315 219 1358 cum
243 1306 295 1364 est,
319 1314 373 1353 non
396 1299 483 1354 minus
507 1316 585 1371 quam
608 1301 631 1354 si
653 1315 734 1372 supra
756 1300 811 1368 fiat
832 1315 882 1372 pro
908 1300 989 1371 foret
1017 1300 1150 1372 scriptum
1177 1307 1251 1355 esset
1279 1308 1326 1354 aut

158 1387 353 1440 restituantur
373 1400 424 1456 pro
447 1386 686 1452 restituerentur3
710 1385 846 1457 praesenti
869 1390 991 1457 tempore
1013 1384 1107 1439 saitem
1129 1383 1244 1440 debebat
1264 1399 1325 1439 esse

157 1471 231 1542 liunt
254 1465 303 1541 (ci.
327 1466 412 1522 Madv.
435 1467 542 1539 3369,
566 1487 594 1524 n,
612 1464 650 1539 1).
695 1469 814 1541 lienique
836 1485 889 1542 ego
913 1476 975 1547 ante
997 1469 1050 1524 Ab
1065 1471 1138 1525 idem
1152 1464 1243 1525 addidi
1259 1469 1324 1524 An-

158 1554 336 1620 bortoudus3
366 1552 393 1607 Β.
417 1569 449 1608 er
472 1553 534 1609 Scin.
558 1562 586 1609 et
609 1551 655 1609 Or.
679 1552 765 1623 coni:
795 1555 834 1609 od
853 1555 927 1610 idem
948 1567 989 1607 *a
1011 1555 1082 1625 aid,
1110 1562 1141 1609 nt
1167 1562 1231 1627 post
1252 1555 1326 1610 idem

159 1636 286 1693 exciderit
309 1638 483 1694 excitandus
505 1639 547 1694 vel
569 1640 733 1695 irruitumtus
755 1636 796 1692 uel
820 1639 1026 1696 cob'ortondus.

241 1724 307 1789 Ep.
331 1724 381 1778 15.
406 1726 436 1779 1.
481 1722 570 1797 Vulgo
594 1723 762 1795 piavissime:
793 1727 953 1785 assentior,-
980 1727 1079 1796 itaque
1102 1721 1153 1797 (π
1177 1716 1253 1797 er'goi
1281 1739 1324 1779 me

157 1805 361 1878 prosectarum
383 1813 462 1876 pato,
501 1806 571 1883 ligo:
595 1810 740 1864 assentior
760 1810 859 1879 itaque
883 1803 919 1880 (ot
944 1814 1031 1881 atque
1049 1811 1101 1878 ito,
1126 1816 1155 1863 nt
1171 1816 1201 1863 tn
1216 1807 1324 1877 suades,

157 1906 187 1947 a:
211 1893 336 1960 occulte,
359 1890 410 1946 vid.
435 1890 510 1962 Scir.)
532 1911 567 1949 m.
589 1909 620 1962 p.
640 1909 672 1962 p.
751 1908 754 1913 ’

243 1977 306 2043 Ep.
330 1978 380 2031 16.
402 1979 432 2032 5.
476 1976 564 2048 Vulgo
588 1993 620 2032 ex
641 1975 670 2031 l:
693 1992 746 2032 me.
774 1976 957 2033 Tomeneum
980 2017 1010 2030 ..
1035 1977 1144 2033 videbo.
1181 1974 1249 2044 Quid
1267 1985 1323 2032 tan·
1392 1978 1397 1983 '

161 2059 237 2133 dem,
260 2076 377 2132 quaeso,
400 2062 575 2118 esttamen?
619 2059 703 2117 Nemo
730 2060 796 2116 dixit
824 2076 874 2117 nec
896 2060 985 2116 eiicere
1008 2060 1085 2116 laciie
1107 2062 1204 2133 potnit.
1250 2059 1323 2134 Ego:

160 2162 216 2202 me:
239 2148 296 2200 tam
321 2141 366 2219 (οε
390 2141 480 2218 brevi)
505 2163 563 2203 e..
588 2164 612 2204 a.
659 2145 687 2201 ln
716 2144 758 2201 ill
791 2152 833 2200 est
854 2153 958 2201 metam
981 2161 1062 2214 eum,
1092 2144 1163 2200 unde
1186 2141 1253 2216 nid
1281 2160 1324 2201 me

160 2234 217 2287 tum
242 2244 278 2298 e.,
302 2245 356 2302 mg.
381 2227 405 2283 it
428 2246 471 2287 me
493 2236 550 2289 tum
573 2248 649 2300 eum,
672 2228 845 2286 amaeam
869 2247 891 2286 e.
932 2231 966 2285 lie
989 2233 1045 2285 ium
1069 2238 1096 2286 et
1119 2239 1177 2286 tum
1199 2231 1250 2285 iam
1266 2247 1322 2285 sae·

159 2316 219 2388 pius
244 2313 307 2369 dixi.
331 2344 372 2356 —
394 2319 424 2371 6.
447 2315 475 2370 B.
501 2333 532 2372 ea
554 2315 601 2371 Or.
622 2314 709 2385 coiri:
732 2320 760 2369 et
781 2316 884 2370 raedam
900 2332 1003 2372 nouum
1019 2317 1146 2370 morbum
1162 2333 1185 2368 r.
1219 2313 1321 2370 Livium

158 2399 279 2472 aliosque
301 2399 467 2471 posteriores
490 2402 637 2474 scriptores
661 2400 767 2456 'nedum
796 2401 875 2455 etiam
900 2406 966 2470 post
993 2401 1094 2454 aientes
1117 2401 1264 2455 sententias
1286 2401 1323 2456 ita

158 2485 298 2556 posuisse,
322 2491 352 2538 ut
373 2494 446 2540 esset
468 2508 509 2530 =
530 2503 586 2542 nou
610 2486 705 2553 modo,
729 2494 824 2540 notum
846 2493 888 2540 est
910 2484 950 2556 (v.
973 2483 1089 2539 Freund.
1113 2483 1158 2559 11,
1175 2483 1232 2551 Ab:
1255 2491 1322 2540 aute

160 2569 199 2624 sic
217 2568 336 2642 positum
352 2585 485 2642 nusquam
508 2571 644 2625 invenitur
666 2570 717 2624 nisi
739 2571 767 2625 in
790 2569 863 2626 balbi
887 2577 914 2624 et
937 2568 1015 2639 Oppii
1039 2585 1092 2640 ep,
1110 2556 1164 2634 tx,
1178 2569 1207 2635 t,
1230 2570 1262 2631 Α,
1289 2570 1322 2636 1;

159 2651 204 2707 scd
228 2652 270 2707 vel
292 2652 329 2706 11ιί
352 2652 485 2726 scriptura
508 2656 642 2710 nonsatis
658 2662 732 2709 certa
755 2663 807 2721 est,
831 2671 890 2709 nam
913 2655 939 2709 in
956 2653 999 2708 111
1017 2661 1058 2708 est
1076 2652 1219 2709 eloneo
1233 2669 1325 2710 meum

159 2750 250 2792 metim
273 2735 366 2809 (vulgo
389 2737 499 2808 11112,
522 2737 573 2794 tit:
598 2738 795 2794 CICERONI,
821 2735 956 2807 Nedum),
979 2740 1005 2793 in
1029 2754 1083 2808 quo
1109 2737 1223 2792 tortasse
1244 2738 1324 2793 latet:

160 2822 189 2878 C.
215 2822 279 2877 Non.
302 2822 382 2877 modo
406 2817 464 2894 (per
487 2823 644 2896 compendia
666 2820 817 2896 scripturn).
855 2821 913 2894 Ego
935 2840 967 2878 ex
989 2819 1017 2888 Z,
1034 2819 1063 2890 C,
1080 2820 1139 2876 bil:
1163 2828 1190 2877 et
1211 2835 1252 2873 11
1274 2839 1324 2877 uo·

159 2923 222 2962 aum
245 2924 280 2961 m.
306 2924 330 2960 r.
355 2903 437 2964 (unde
459 2905 515 2979 ltu,
539 2907 599 2965 cdd.
623 2906 695 2977 Mal,
719 2916 755 2977 ψ,
770 2905 808 2961 RJ
824 2914 851 2962 et
866 2908 968 2964 nedum
991 2923 1027 2961 m.
1051 2900 1098 2980 1.).
1143 2905 1247 2961 Excidit
1262 2912 1324 2961 aute

157 2989 200 3046 ltu
224 2991 279 3045 sive
302 2989 385 3045 NON
404 2994 485 3049 mollo
508 2993 565 3047 sive
588 2991 672 3048 NON
691 2995 790 3048 solutu.
855 3006 861 3011 '
1390 3056 1392 3061 ,

243 3077 307 3141 Ep.
331 3078 379 3132 17.
405 3075 432 3131 1.
479 3076 565 3149 Vulgo
589 3093 682 3132 omnies
705 3075 785 3132 ioedo
809 3073 921 3131 mendo:
950 3092 1035 3148 quom
1062 3079 1233 3148 potiusquam
1256 3091 1325 3145 upe-

160 3162 293 3226 ruissem,
315 3160 391 3225 dicei,
415 3177 497 3233 quum
520 3159 620 3233 aliquid
643 3161 800 3233 simpliciter
822 3168 883 3215 ante
906 3176 984 3233 qnam
1007 3159 1080 3215 aliud
1101 3158 1201 3233 aliquid
1225 3159 1326 3215 iactum

159 3259 219 3298 esse
242 3243 355 3313 dicitur,
386 3246 573 3302 coninnctivus
601 3245 765 3301 aCicerone
794 3247 906 3316 eiusque
934 3246 1028 3300 aetatis
1056 3243 1233 3318 scriptoribus
1257 3261 1325 3299 nun·

159 3344 238 3400 quam
255 3329 366 3398 pordtnr
383 3326 427 3399 (ci.
445 3329 529 3385 Madv.
546 3330 564 3400 S
581 3327 664 3399 358).
692 3329 764 3404 ligo:
780 3330 893 3401 aperul
908 3324 953 3401 (ci.
971 3327 1056 3384 Madv.
1073 3327 1176 3399 3338,
1192 3327 1218 3396 b,
1235 3346 1261 3383 u.
1279 3327 1324 3396 511

159 3411 291 3468 aberravit
312 3410 436 3468 librarius
458 3415 597 3488 archetypi
620 3414 651 3470 ad
674 3432 716 3487 sq.
741 3413 943 3485 scripslSSE,
966 3413 1038 3470 sient
1060 3413 1152 3485 paullo
1176 3421 1256 3484 post,
1281 3411 1324 3467 ubi

158 3496 187 3552 B.
211 3513 244 3552 ex
265 3495 370 3568 lllilae,
386 3506 426 3570 ab:
455 3501 575 3571 epistota
598 3495 617 3569 †
639 3503 768 3571 scripto,
796 3515 849 3571 ego
872 3516 904 3554 ex
932 3498 1080 3554 certissima
1110 3497 1178 3553 Man.
1203 3496 1273 3567 conj.
1298 3512 1323 3554 e.

156 3583 232 3639 lecto
256 3579 318 3651 (vid.
344 3579 397 3637 Em.
422 3601 448 3657 p.
472 3583 535 3655 44),
559 3582 681 3640 Klotzins
704 3584 771 3640 male
793 3601 819 3640 e.
842 3591 947 3653 aperto
972 3577 1083 3656 (legisse
1098 3584 1186 3652 enim,
1209 3598 1264 3637 non
1280 3598 1325 3637 so·

156 3664 213 3723 lum
236 3666 384 3738 aperuisse,
408 3668 548 3742 epistolam
573 3670 653 3724 Attici
676 3668 832 3724 Ciceronem
855 3681 967 3724 necesse
989 3675 1042 3736 est,
1065 3677 1208 3740 antequam
1232 3683 1324 3722 cumu-

156 3750 417 3807 111111111111111111ιι
440 3752 579 3826 Serapioui
602 3753 739 3827 pollicitus
761 3750 828 3826 est),
852 3752 885 3807 ud
907 3750 1035 3824 superius
1057 3755 1169 3825 scripta
1193 3754 1324 3824 epistola.

635 3928 750 4010 Liber
773 3934 850 4045 ΧΙ.
948 3988 951 3993 2

241 4090 302 4156 Ep.
326 4093 356 4145 8.
380 4093 410 4146 2.
448 4088 550 4164 Vulgo:
576 4097 668 4147 tomen
686 4091 770 4147 etium
785 4093 951 4163 praecipua
968 4084 1018 4160 (sc.
1033 4082 1213 4161 incommoda)
1237 4089 1325 4142 multo

159 4170 183 4246 (e
206 4190 235 4229 re
258 4173 378 4230 familiari
402 4174 469 4246 mea)
491 4183 568 4233 saut.
614 4170 682 4243 Quid
706 4179 789 4231 etiam
805 4182 893 4247 essct,
917 4191 998 4232 nemo
1022 4176 1098 4233 dixit.
1137 4169 1211 4244 Ego:
1234 4177 1253 4227 l·
1269 4175 1325 4227 iam

154 4275 186 4330 p.
215 4277 251 4314 m.
279 4273 303 4313 s.
346 4257 496 4332 Negaverat
523 4261 627 4316 Atticus
656 4261 827 4335 praecipuum
856 4258 981 4318 Ciceroni
1009 4260 1094 4318 ullum
1125 4255 1325 4314 incommodum

157 4344 323 4414 impendere
346 4339 390 4415 (ci.
415 4344 442 4413 2,
468 4343 486 4402 3
510 4343 562 4415 „id
571 4386 579 4419 ,
604 4343 676 4418 quod
702 4386 708 4399 .
732 4384 739 4399 .
761 4349 878 4416 parari,
901 4346 935 4402 de
958 4342 1089 4416 domo“):
1114 4339 1264 4412 respondet
1285 4338 1326 4396 Ci-

156 4442 220 4484 cero
243 4427 365 4483 nonnihil
388 4427 495 4503 quidem
518 4429 710 4488 consolationis
733 4428 758 4485 id
783 4427 897 4503 habere,
927 4428 975 4485 sed
998 4436 1054 4488 iam
1078 4440 1155 4486 nuuc
1178 4423 1229 4483 sibi
1250 4441 1326 4502 prae·
