3256 5104
451 444 594 510 Epistolee
612 446 647 496 ad
665 446 836 499 Familiares.
871 448 955 499 Liber
972 449 1017 498 ΙΙ.·
1027 451 1071 500 ΙΙΙ
1338 452 1360 514 5

189 601 294 672 Cicero,
317 610 346 656 ut
369 619 461 658 omnes
485 602 583 671 solent,
607 604 705 658 iterato
728 604 822 659 eodem
843 592 928 660 11111
951 606 1090 679 scripserit
1114 623 1168 663 nec
1189 612 1282 683 ottipit
1304 626 1359 665 nec

190 693 356 743 attactnrus
378 696 432 744 est:
460 698 522 744 ante
544 696 573 744 to
597 687 722 745 excidere
744 696 775 744 ct
798 689 922 745 facillime
953 691 1053 764 potnit.
1080 722 1122 731 —
1150 692 1221 748 lnlra
1243 693 1272 748 B.
1297 710 1358 749 cum

188 771 337 828 Buclxelero
353 772 474 829 Plautina
490 773 574 828 forma
589 774 699 846 scripsit
713 776 917 830 drachumam:
941 791 1005 848 ego,
1028 777 1084 832 sive
1101 778 1128 831 in
1151 776 1174 831 ll
1197 779 1357 836 draccdum

188 857 245 911 sive
267 859 406 914 droclmm
429 867 484 913 est:
507 859 676 914 drachmum
699 854 765 931 (Em.
789 877 816 932 p.
842 858 902 931 31).

272 944 458 1011 up.1e.1.
502 943 605 1017 Vulgo:
636 945 773 1015 verebor,
803 959 839 1000 ne
861 947 891 1000 id
910 948 951 1001 ita
975 948 1093 1003 coderet
1116 977 1159 988 -
1181 950 1257 1021 quod
1278 965 1303 1004 e.
1327 968 1354 1005 n.

189 1043 291 1084 vercor
309 1055 357 1100 -·,
375 1034 501 1084 neante.
534 1027 610 1102 ligo:
634 1047 659 1084 n.
678 1047 760 1100 ..c.,
776 1032 1028 1103 quod·.ccreor,
1045 1048 1096 1099 ne;
1115 1049 1185 1105 nam,
1201 1034 1224 1088 si
1241 1052 1355 1106 q...c.

187 1113 355 1185 parenthesis
378 1121 460 1184 essct,
483 1112 576 1169 Cicero
599 1115 753 1186 scripsisset
775 1120 807 1170 ut
829 1121 910 1186 ante,
935 1115 1008 1189 quod
1032 1134 1063 1173 ex
1086 1121 1126 1172 ita
1151 1120 1269 1173 coderet
1291 1135 1357 1190 pen·

187 1197 277 1251 deret:
306 1214 378 1257 nunc
406 1197 440 1252 ob
469 1199 555 1271 ipsum
585 1213 689 1255 vercor
711 1200 820 1272 scripsit
842 1216 879 1255 ne
901 1219 930 1256 n.
954 1207 981 1255 et
1003 1218 1053 1272 per
1075 1204 1263 1258 attractionem
1286 1203 1356 1259 baud
1395 1208 1401 1213 ’

186 1281 322 1336 insolitam
345 1282 435 1355 potuit
456 1284 573 1339 scribere
596 1300 633 1339 ne
650 1326 656 1338 .
672 1326 676 1337 .
692 1288 829 1340 .·ueneris
844 1325 850 1339 .
865 1326 871 1339 .
887 1326 893 1339 .
910 1286 1056 1341 decedam.

673 1467 782 1540 Liber
808 1465 873 1539 ΠΙ.

270 1623 331 1689 up.
354 1625 384 1678 5.
408 1626 436 1677 1.
482 1622 583 1696 Vulgo:
612 1641 667 1695 quo
690 1642 716 1695 p.
740 1624 880 1681 bominem
902 1629 1054 1696 neminem,
1078 1643 1128 1682 nec
1151 1627 1275 1702 equidem
1298 1646 1357 1684 mu·

185 1706 238 1760 tavi
261 1705 306 1777 (ci.
330 1705 373 1776 lV,
396 1707 426 1769 8,
451 1707 468 1761 2
493 1725 588 1780 „quoe
610 1717 652 1763 est
675 1707 701 1762 d.
726 1709 793 1764 sede
816 1708 991 1781 iucundior“,
1014 1710 1044 1781 V,
1069 1711 1118 1782 17,
1143 1712 1172 1784 3,
1195 1713 1226 1783 X,
1253 1707 1300 1783 18',
1325 1715 1355 1786 3,

185 1789 256 1861 Xlll,
279 1788 334 1860 55,
360 1792 392 1853 1,
415 1791 464 1861 al,
487 1791 535 1846 sed
559 1799 647 1848 temen
671 1809 774 1863 vereor,
800 1809 833 1849 ne
856 1793 950 1850 Cicero
973 1795 1121 1867 simplicius
1144 1799 1284 1871 scripserit
1306 1800 1355 1855 do-

186 1876 274 1945 mine,
298 1875 333 1931 cl.
357 1875 390 1943 2,
416 1877 431 1931 1
455 1891 509 1932 nee
532 1885 551 1933 t.
576 1880 696 1934 amicior
718 1881 887 1951 quisquam,
910 1879 944 1946 3,
972 1881 986 1935 1
1011 1897 1065 1937 nec
1087 1882 1186 1938 benev.
1210 1886 1354 1956 cuiquam,

186 1976 236 2015 nec
257 1960 366 2029 mirum,
388 1962 411 2016 si
434 1960 558 2017 librarius
581 1971 644 2018 aute
667 1966 805 2019 neminem
830 1964 938 2036 scripsit
960 1966 1107 2024 bominem.

269 2046 330 2114 Ep.
353 2048 383 2102 6.
405 2048 435 2113 5,
459 2045 502 2101 ubi
525 2047 624 2121 vulgo:
644 2049 741 2120 prob,
763 2048 925 2118 Antoniam,
949 2065 1001 2122 ego
1025 2067 1057 2105 ex
1076 2051 1160 2123 ipsius
1177 2052 1283 2123 Baiteri,
1306 2052 1354 2108 sed

185 2129 341 2200 dubitantis,
366 2130 451 2201 conj.:
477 2148 519 2202 p.,
542 2133 578 2189 D.
603 2133 668 2189 Ant.
719 2131 813 2187 Addita
837 2136 928 2189 virum
950 2164 992 2173 —
1012 2136 1096 2206 prob.
1120 2144 1148 2192 et
1168 2137 1354 2209 praesectum

185 2231 236 2284 cc,
260 2231 422 2288 praenomen
446 2218 606 2289 requirunt,
635 2217 669 2273 cl.
691 2216 725 2286 3,
753 2218 768 2271 1
792 2225 820 2271 et
843 2217 871 2271 2.
917 2217 952 2273 lic
974 2219 1017 2274 cd.
1041 2220 1114 2276 arch.
1139 2221 1305 2294 compendiis
1327 2224 1354 2277 in

184 2298 209 2353 ll
232 2298 299 2355 laiso
322 2300 462 2374 explicatis
486 2301 536 2356 vid.
562 2301 580 2356 2
603 2303 755 2358 Lentulum
776 2317 805 2356 o:
829 2303 876 2367 1.,
901 2302 931 2372 3,
955 2302 973 2357 2
997 2312 1025 2359 11
1048 2304 1078 2376 4,
1106 2305 1121 2359 1
1146 2310 1246 2363 consul
1269 2323 1298 2360 e:
1323 2307 1353 2363 0.

184 2392 212 2439 et
230 2384 309 2454 felix
330 2400 361 2438 o:
385 2378 544 2461 uiduus),
576 2386 610 2455 4,
635 2387 653 2442 2
676 2402 768 2443 meum
790 2402 818 2441 o:
842 2386 898 2456 11,,
934 2386 969 2457 5,
994 2388 1012 2443 4
1033 2398 1157 2461 propter
1178 2407 1206 2445 o:
1226 2388 1352 2465 perfidie),

185 2469 220 2539 7,
243 2467 262 2522 4
285 2473 366 2540 apud
385 2484 413 2524 o:
437 2468 567 2545 Apipio),
592 2472 644 2542 11,
669 2471 688 2528 5
711 2473 779 2532 dicit
804 2472 914 2529 Tullius
935 2487 964 2527 e:
987 2473 1023 2529 D.
1050 2474 1177 2547 Tullios,
1203 2476 1237 2532 el.
1259 2477 1352 2532 multa.

183 2582 226 2592 -
247 2558 278 2610 6.
300 2553 403 2629 Vulgo:
427 2556 488 2629 Epo
505 2596 511 2610 .
526 2598 532 2613 .
549 2558 676 2613 curedo:
697 2558 733 2612 de
756 2564 813 2613 tuo.
852 2557 915 2612 Sine
937 2556 1019 2613 dubio
1043 2565 1105 2613 1111
1127 2561 1162 2615 de
1184 2567 1232 2616 tuo
1255 2559 1353 2617 adden·

183 2637 247 2692 dum
270 2647 312 2694 est
334 2646 376 2710 tu,
399 2641 442 2695 cui
464 2641 627 2714 respondeat
650 2657 701 2716 epo
724 2641 785 2716 (epo
809 2658 896 2697 meum
913 2643 1029 2697 animum
1052 2642 1205 2716 praestabo,
1229 2652 1259 2701 tu
1276 2653 1353 2701 tuum

182 2723 319 2795 praesta),
350 2733 380 2780 ut
407 2726 478 2779 inter
505 2742 535 2781 se
563 2726 729 2800 respondent
757 2742 800 2782 me
827 2728 878 2783 tibi
904 2735 932 2782 et
960 2734 1007 2783 tuo
1035 2731 1132 2784 inme
1155 2747 1202 2785 cm
1232 2738 1260 2785 et
1283 2729 1353 2785 inira

184 2808 334 2883 Et..epo
357 2817 384 2864 ct
407 2810 492 2866 Nunc
515 2818 555 2866 to.

267 2895 329 2962 up.
351 2897 381 2952 7.
403 2898 434 2950 3.
471 2894 574 2951 Excidit
596 2895 713 2952 loclesse
735 2913 771 2952 ec
795 2895 857 2952 11.
881 2897 953 2951 inter
974 2899 1039 2953 illos
1061 2905 1089 2952 et
1111 2916 1168 2955 non
1190 2901 1232 2955 itti
1254 2906 1281 2955 et
1298 2900 1352 2970 Vll,

182 2977 239 3049 17,
257 2978 273 3032 1
290 2987 353 3052 post
367 2981 571 3050 imperatorem
586 2989 614 3036 et
629 2980 671 3051 u,
688 2979 746 3052 22,
762 2980 781 3037 3
796 2989 859 3055 post
876 2981 1004 3053 Graece,
1020 2981 1065 3037 ubi
1081 2983 1107 3037 in
1126 2992 1201 3039 textu
1218 2983 1279 3053 Gr,
1295 3002 1352 3041 non

184 3061 339 3134 ponendum
364 3064 423 3119 luit.
462 3063 497 3120 De
521 3082 556 3121 ac
581 3064 689 3140 (Cicero
710 3082 837 3139 perraro,
862 3074 890 3121 ut
914 3065 973 3138 Vll,
994 3065 1082 3137 18,2
1107 3066 1151 3139 et)
1172 3087 1229 3124 non
1251 3094 1293 3115 =
1316 3087 1353 3125 oc

182 3164 239 3203 non
260 3152 356 3219 potius
377 3147 471 3221 (Madv,
495 3149 540 3206 Gr.
565 3150 672 3221 3458,
696 3146 817 3224 1,1.1)
841 3151 875 3206 cl.
901 3150 931 3222 2,
954 3149 981 3222 2,
1006 3151 1048 3220 lV,
1071 3151 1100 3222 5,
1126 3153 1156 3223 6,
1179 3153 1212 3210 11.
1247 3153 1350 3211 Verrio.

182 3231 214 3302 V,
231 3231 270 3287 64
293 3249 330 3289 ac
345 3242 408 3306 post
430 3236 550 3290 adnecte
566 3234 690 3290 excidere
705 3235 782 3291 iacile
797 3236 896 3309 potuit.
921 3266 959 3275 -
982 3240 1014 3291 4.
1038 3236 1143 3311 Vulgo:
1161 3241 1255 3294 altere
1278 3239 1351 3294 Var-

181 3333 297 3389 ronem,
320 3325 398 3374 tuum
418 3318 491 3390 fam.
538 3318 610 3393 ligo:
633 3333 695 3375 e.*
718 3316 802 3376 Vorr.
841 3318 943 3376 Excidit
957 3338 1121 3394 praenomen
1136 3323 1245 3396 aliquod
1263 3321 1350 3399 (11.1),

184 3403 212 3456 in
234 3402 320 3460 altero
348 3404 419 3458 enim
448 3403 567 3459 membro
597 3413 639 3460 cst
668 3405 728 3477 „Q.
759 3403 913 3478 leptem“;
942 3406 976 3461 cl.
1000 3405 1036 3471 4,
1060 3407 1088 3462 2.
1125 3438 1166 3448 -
1200 3409 1270 3463 11111
1299 3426 1351 3482 ego

181 3483 412 3557 †ecccurrcrent
436 3486 528 3562 (vulgo
551 3491 609 3544 sine
636 3487 680 3561 †);
709 3489 888 3546 excurrebant
919 3492 990 3546 enirn
1012 3508 1067 3546 non
1091 3490 1123 3545 ab
1147 3493 1232 3566 Appio
1255 3493 1287 3548 ad
1311 3493 1352 3548 Gi·

181 3587 324 3643 ceronem,
352 3572 400 3628 sed
429 3583 539 3630 contre:
569 3572 601 3628 ad
629 3574 787 3631 Ciceronem
821 3574 852 3630 ab
881 3575 968 3647 Appio
995 3577 1190 3632 recurrendum
1218 3577 1251 3632 iis
1285 3586 1350 3633 crat.

182 3656 276 3712 Cicero
298 3659 409 3731 scripsit
431 3666 477 3713 ant
499 3661 603 3714 adme
625 3675 685 3715 rec.
712 3656 795 3733 (Em.)
818 3668 880 3728 aut,
902 3667 933 3713 ut
955 3674 1007 3731 ego
1031 3660 1119 3732 malo,
1142 3663 1245 3717 adme
1267 3678 1348 3719 eurr.

183 3737 291 3815 (elien),
313 3744 439 3814 sequitur
454 3743 525 3798 enim
540 3760 681 3815 currens,
704 3752 731 3799 et
747 3760 778 3799 ex
794 3760 882 3817 praec.
898 3758 924 3814 c,
948 3752 977 3798 ut
992 3760 1071 3817 seepe
1088 3752 1130 3814 et,
1155 3747 1193 3801 sic
1216 3746 1242 3801 li.
1268 3746 1286 3801 l.
1311 3763 1351 3803 ex

183 3825 250 3895 (ecs)
272 3825 331 3883 deri
353 3827 430 3883 laeile
452 3829 557 3901 potuit,
581 3830 738 3902 pracsertim
753 3838 815 3884 ante
838 3845 925 3884 1.-
953 3830 989 3894 5,
1013 3827 1057 3882 ubi
1081 3829 1149 3885 male
1172 3829 1269 3903 vulgo:
1296 3848 1350 3902 pu-

183 3918 262 3981 tant,
285 3915 390 3982 ullam,
412 3911 457 3966 B.:
479 3931 508 3983 p.
525 3943 582 3985 -,
606 3933 651 3984 1.,
674 3930 727 3988 ego
742 3914 793 3969 iam
816 3912 872 3970 un.
896 3931 924 3986 p.
948 3910 1003 3969 50:
1023 3918 1120 3984 piu.

265 3998 329 4065 up.
352 4001 382 4054 8.
404 4000 433 4053 2.
478 3997 580 4072 Vulgo:
610 4001 679 4072 quid
699 3999 823 4055 dicetur.
868 3997 912 4053 Sic
933 3996 1026 4053 Cicero
1050 3997 1164 4054 absurde
1186 4015 1215 4053 sc
1238 4006 1351 4072 negaret

182 4080 335 4155 intelligere
352 4080 417 4154 quiid
435 4080 466 4136 nb
483 4082 569 4155 Appio
592 4083 642 4139 sibi
666 4081 889 4156 exprobraretur:
914 4083 960 4156 qui
982 4083 1040 4155 ipsc
1063 4085 1184 4155 proxime
1199 4083 1349 4156 scripserit,

182 4164 247 4238 quid
270 4174 352 4238 esset,
375 4165 447 4239 quod
465 4169 566 4239 Appius
589 4167 691 4224 diceret
715 4164 789 4240 („me
807 4210 834 4222 ..
854 4164 1025 4240 potuissc“)3
1049 4184 1081 4223 an
1104 4184 1167 4223 vero
1185 4173 1237 4222 tam
1253 4166 1350 4224 obscu-

183 4266 242 4304 rum
271 4251 297 4305 id
325 4252 425 4306 crimen
449 4251 517 4321 luit,
546 4253 661 4326 intelligi
691 4260 720 4307 ut
749 4269 803 4307 non
832 4253 944 4326 posset?
988 4250 1101 4325 Egoex
1124 4250 1350 4327 mercedemque

183 4333 275 4390 Orellii
297 4334 486 4409 coniscripsi
509 4338 558 4409 qui
580 4354 631 4409 pro
654 4338 723 4411 quid
743 4335 815 4407 (ante
837 4334 880 4407 d),
904 4352 933 4391 o:
957 4353 1039 4410 quum
1064 4345 1149 4392 totum
1173 4338 1226 4392 lroc
1247 4339 1347 4393 crimen

181 4418 279 4490 („me“
302 4437 357 4476 non
379 4419 457 4477 dictis
477 4420 607 4491 lucusve,
634 4422 683 4477 scd
712 4420 816 4493 „vultu
844 4430 872 4476 et
896 4431 945 4477 tac.
968 4419 1135 4495 significasse
1157 4418 1254 4496 pot.“,
1281 4423 1349 4479 nihil

184 4500 285 4579 (nihili,
308 4503 429 4578 nullum,
452 4503 625 4582 levissimum)
650 4507 702 4577 sit,
730 4522 764 4561 ne
787 4504 853 4562 illud
877 4505 984 4580 quidem
1009 4496 1183 4584 (nudp'nitbi)
1213 4505 1349 4581 intelligo,
