<?xml version="1.0" encoding="UTF-8"?>
<!DOCTYPE html PUBLIC "-//W3C//DTD XHTML 1.0 Transitional//EN"
    "http://www.w3.org/TR/xhtml1/DTD/xhtml1-transitional.dtd">
<html xmlns="http://www.w3.org/1999/xhtml" xml:lang="en" lang="en">
 <head>
  <title>
</title>
<meta http-equiv="Content-Type" content="text/html;charset=utf-8" />
  <meta name='ocr-system' content='tesseract 3.04.00' />
  <meta name='ocr-capabilities' content='ocr_page ocr_carea ocr_par ocr_line ocrx_word'/>
</head>
<body>
  <div class='ocr_page' id='page_1' title='image "./emendationesalt00wesegoog_0108.png"; bbox 0 0 3262 5106; ppageno 0'>
   <div class='ocr_carea' id='block_1_1' title="bbox 479 283 1342 384">
    <p class='ocr_par' dir='ltr' id='par_1_1' title="bbox 479 283 1342 384">
     <span class='ocr_line' id='line_1_1' title="bbox 479 283 1342 384; baseline 0.017 -16"><span class='ocrx_word' id='word_1_1' title='bbox 479 316 665 384; x_wconf 74' lang='lat' dir='ltr'><strong>Epistularum</strong></span> <span class='ocrx_word' id='word_1_2' title='bbox 681 317 718 370; x_wconf 84' lang='lat' dir='ltr'><strong>ad</strong></span> <span class='ocrx_word' id='word_1_3' title='bbox 733 318 863 371; x_wconf 68' lang='lat' dir='ltr'><strong>Atticum.</strong></span> <span class='ocrx_word' id='word_1_4' title='bbox 898 317 984 370; x_wconf 88' lang='lat' dir='ltr'><strong>Liber</strong></span> <span class='ocrx_word' id='word_1_5' title='bbox 1002 321 1035 371; x_wconf 90' lang='lat' dir='ltr'><strong>V.</strong></span> <span class='ocrx_word' id='word_1_6' title='bbox 1168 283 1176 292; x_wconf 77' lang='lat'><em>=</em></span> <span class='ocrx_word' id='word_1_7' title='bbox 1281 316 1342 383; x_wconf 83' lang='lat'><strong>103</strong></span> 
     </span>
    </p>
   </div>
   <div class='ocr_carea' id='block_1_2' title="bbox 166 474 1347 3096">
    <p class='ocr_par' dir='ltr' id='par_1_2' title="bbox 173 474 1342 1314">
     <span class='ocr_line' id='line_1_2' title="bbox 177 474 1342 550; baseline -0.002 -16"><span class='ocrx_word' id='word_1_8' title='bbox 177 486 208 534; x_wconf 92' lang='lat' dir='ltr'><strong>ut</strong></span> <span class='ocrx_word' id='word_1_9' title='bbox 221 475 300 545; x_wconf 80' lang='lat' dir='ltr'><strong>itan,</strong></span> <span class='ocrx_word' id='word_1_10' title='bbox 321 474 355 530; x_wconf 89' lang='lat' dir='ltr'><strong>de</strong></span> <span class='ocrx_word' id='word_1_11' title='bbox 374 478 528 547; x_wconf 80' lang='lat' dir='ltr'><strong>prouincia</strong></span> <span class='ocrx_word' id='word_1_12' title='bbox 549 474 757 532; x_wconf 87' lang='lat' dir='ltr'><strong>administranda</strong></span> <span class='ocrx_word' id='word_1_13' title='bbox 778 474 845 531; x_wconf 88' lang='lat' dir='ltr'><strong>illud</strong></span> <span class='ocrx_word' id='word_1_14' title='bbox 865 492 891 532; x_wconf 92' lang='lat' dir='ltr'><strong>c.</strong></span> <span class='ocrx_word' id='word_1_15' title='bbox 913 494 941 533; x_wconf 84' lang='lat' dir='ltr'><strong>a.</strong></span> <span class='ocrx_word' id='word_1_16' title='bbox 962 482 991 533; x_wconf 84' lang='lat' dir='ltr'><strong>et</strong></span> <span class='ocrx_word' id='word_1_17' title='bbox 1009 478 1037 533; x_wconf 88' lang='lat' dir='ltr'><strong>d.</strong></span> <span class='ocrx_word' id='word_1_18' title='bbox 1057 477 1082 549; x_wconf 84' lang='lat' dir='ltr'><strong>f.</strong></span> <span class='ocrx_word' id='word_1_19' title='bbox 1099 492 1123 534; x_wconf 83' lang='lat' dir='ltr'><strong>r.</strong></span> <span class='ocrx_word' id='word_1_20' title='bbox 1145 475 1198 533; x_wconf 90' lang='lat' dir='ltr'><strong>dici</strong></span> <span class='ocrx_word' id='word_1_21' title='bbox 1217 482 1342 550; x_wconf 80' lang='lat' dir='ltr'><strong>putaret3</strong></span> 
     </span>
     <span class='ocr_line' id='line_1_3' title="bbox 177 559 1342 635; baseline -0.002 -16"><span class='ocrx_word' id='word_1_22' title='bbox 177 562 222 619; x_wconf 89' lang='lat' dir='ltr'><strong>sed</strong></span> <span class='ocrx_word' id='word_1_23' title='bbox 239 562 291 618; x_wconf 89' lang='lat' dir='ltr'><strong>hoc</strong></span> <span class='ocrx_word' id='word_1_24' title='bbox 305 572 354 617; x_wconf 88' lang='lat' dir='ltr'><strong>cur</strong></span> <span class='ocrx_word' id='word_1_25' title='bbox 369 568 434 635; x_wconf 92' lang='lat' dir='ltr'><strong>post</strong></span> <span class='ocrx_word' id='word_1_26' title='bbox 454 561 636 632; x_wconf 81' lang='lat' dir='ltr'><strong>„Beneventi</strong></span> <span class='ocrx_word' id='word_1_27' title='bbox 654 579 677 617; x_wconf 91' lang='lat' dir='ltr'><strong>c.</strong></span> <span class='ocrx_word' id='word_1_28' title='bbox 693 559 756 632; x_wconf 84' lang='lat' dir='ltr'><strong>h.“,</strong></span> <span class='ocrx_word' id='word_1_29' title='bbox 777 560 933 634; x_wconf 87' lang='lat' dir='ltr'><strong>etquidem</strong></span> <span class='ocrx_word' id='word_1_30' title='bbox 955 569 1008 619; x_wconf 87' lang='lat' dir='ltr'><strong>tam</strong></span> <span class='ocrx_word' id='word_1_31' title='bbox 1029 561 1161 631; x_wconf 89' lang='lat' dir='ltr'><strong>breviter,</strong></span> <span class='ocrx_word' id='word_1_32' title='bbox 1181 559 1275 618; x_wconf 86' lang='lat' dir='ltr'><strong>Cicero</strong></span> <span class='ocrx_word' id='word_1_33' title='bbox 1296 561 1342 618; x_wconf 86' lang='lat' dir='ltr'><strong>ad·</strong></span> 
     </span>
     <span class='ocr_line' id='line_1_4' title="bbox 177 644 1341 720; baseline -0.001 -17"><span class='ocrx_word' id='word_1_34' title='bbox 177 646 270 703; x_wconf 88' lang='lat' dir='ltr'><strong>deretl</strong></span> <span class='ocrx_word' id='word_1_35' title='bbox 304 645 334 702; x_wconf 88' lang='lat' dir='ltr'><strong>lu</strong></span> <span class='ocrx_word' id='word_1_36' title='bbox 354 660 418 702; x_wconf 84' lang='lat' dir='ltr'><strong>esee</strong></span> <span class='ocrx_word' id='word_1_37' title='bbox 438 649 511 702; x_wconf 86' lang='lat' dir='ltr'><strong>satis</strong></span> <span class='ocrx_word' id='word_1_38' title='bbox 530 646 589 701; x_wconf 90' lang='lat' dir='ltr'><strong>sine</strong></span> <span class='ocrx_word' id='word_1_39' title='bbox 610 644 691 703; x_wconf 91' lang='lat' dir='ltr'><strong>dubio</strong></span> <span class='ocrx_word' id='word_1_40' title='bbox 712 645 780 702; x_wconf 91' lang='lat' dir='ltr'><strong>latet</strong></span> <span class='ocrx_word' id='word_1_41' title='bbox 800 646 859 702; x_wconf 87' lang='lat' dir='ltr'><strong>eius</strong></span> <span class='ocrx_word' id='word_1_42' title='bbox 879 644 1057 720; x_wconf 79' lang='lat' dir='ltr'><strong>significatio,</strong></span> <span class='ocrx_word' id='word_1_43' title='bbox 1084 648 1128 705; x_wconf 93' lang='lat' dir='ltr'><strong>cui</strong></span> <span class='ocrx_word' id='word_1_44' title='bbox 1148 645 1341 702; x_wconf 81' lang='lat' dir='ltr'><strong>Cicero-satis·</strong></span> 
     </span>
     <span class='ocr_line' id='line_1_5' title="bbox 176 729 1340 805; baseline 0 -17"><span class='ocrx_word' id='word_1_45' title='bbox 176 732 296 788; x_wconf 73' lang='lat' dir='ltr'><strong>ladurus</strong></span> <span class='ocrx_word' id='word_1_46' title='bbox 317 738 383 801; x_wconf 82' lang='lat' dir='ltr'><strong>erat,</strong></span> <span class='ocrx_word' id='word_1_47' title='bbox 406 730 564 788; x_wconf 78' lang='lat' dir='ltr'><strong>Beneventi</strong></span> <span class='ocrx_word' id='word_1_48' title='bbox 569 749 576 784; x_wconf 76' lang='grc' dir='ltr'><strong><em>ε</em></strong></span> <span class='ocrx_word' id='word_1_49' title='bbox 598 729 662 803; x_wconf 87' lang='lat' dir='ltr'><strong>quid</strong></span> <span class='ocrx_word' id='word_1_50' title='bbox 683 746 768 805; x_wconf 78' lang='lat' dir='ltr'><strong>ergo,</strong></span> <span class='ocrx_word' id='word_1_51' title='bbox 790 730 813 784; x_wconf 86' lang='lat' dir='ltr'><strong>si</strong></span> <span class='ocrx_word' id='word_1_52' title='bbox 834 745 897 787; x_wconf 89' lang='lat' dir='ltr'><strong>esse</strong></span> <span class='ocrx_word' id='word_1_53' title='bbox 915 735 987 788; x_wconf 80' lang='lat' dir='ltr'><strong>satis</strong></span> <span class='ocrx_word' id='word_1_54' title='bbox 1008 748 1040 787; x_wconf 82' lang='lat' dir='ltr'><strong>ex</strong></span> <span class='ocrx_word' id='word_1_55' title='bbox 1059 731 1086 786; x_wconf 83' lang='lat' dir='ltr'><strong>ei</strong></span> <span class='ocrx_word' id='word_1_56' title='bbox 1107 731 1216 788; x_wconf 75' lang='lat' dir='ltr'><strong>ciuitati</strong></span> <span class='ocrx_word' id='word_1_57' title='bbox 1240 730 1340 788; x_wconf 84' lang='lat' dir='ltr'><strong>iactum</strong></span> 
     </span>
     <span class='ocr_line' id='line_1_6' title="bbox 176 813 1341 889; baseline 0.001 -17"><span class='ocrx_word' id='word_1_58' title='bbox 176 817 233 873; x_wconf 76' lang='lat' dir='ltr'><strong>est?</strong></span> <span class='ocrx_word' id='word_1_59' title='bbox 278 815 384 871; x_wconf 87' lang='lat' dir='ltr'><strong>Omisso</strong></span> <span class='ocrx_word' id='word_1_60' title='bbox 405 815 470 872; x_wconf 85' lang='lat' dir='ltr'><strong>cieI</strong></span> <span class='ocrx_word' id='word_1_61' title='bbox 484 822 548 889; x_wconf 91' lang='lat' dir='ltr'><strong>post</strong></span> <span class='ocrx_word' id='word_1_62' title='bbox 570 814 618 881; x_wconf 90' lang='lat' dir='ltr'><strong>eI,</strong></span> <span class='ocrx_word' id='word_1_63' title='bbox 640 831 672 871; x_wconf 80' lang='lat' dir='ltr'><strong>ex</strong></span> <span class='ocrx_word' id='word_1_64' title='bbox 693 819 748 872; x_wconf 80' lang='lat' dir='ltr'><strong>tati</strong></span> <span class='ocrx_word' id='word_1_65' title='bbox 766 813 914 871; x_wconf 90' lang='lat' dir='ltr'><strong>aberrando</strong></span> <span class='ocrx_word' id='word_1_66' title='bbox 936 815 968 872; x_wconf 90' lang='lat' dir='ltr'><strong>ad</strong></span> <span class='ocrx_word' id='word_1_67' title='bbox 984 819 1164 872; x_wconf 83' lang='lat' dir='ltr'><strong>satisdatum</strong></span> <span class='ocrx_word' id='word_1_68' title='bbox 1187 831 1247 870; x_wconf 89' lang='lat' dir='ltr'><strong>esse</strong></span> <span class='ocrx_word' id='word_1_69' title='bbox 1268 819 1341 874; x_wconf 84' lang='lat' dir='ltr'><strong>satis</strong></span> 
     </span>
     <span class='ocr_line' id='line_1_7' title="bbox 174 894 1339 976; baseline -0.001 -19"><span class='ocrx_word' id='word_1_70' title='bbox 174 903 270 958; x_wconf 87' lang='lat' dir='ltr'><strong>mirum</strong></span> <span class='ocrx_word' id='word_1_71' title='bbox 286 916 340 955; x_wconf 92' lang='lat' dir='ltr'><strong>non</strong></span> <span class='ocrx_word' id='word_1_72' title='bbox 357 906 416 970; x_wconf 91' lang='lat' dir='ltr'><strong>est,</strong></span> <span class='ocrx_word' id='word_1_73' title='bbox 436 916 487 956; x_wconf 89' lang='lat' dir='ltr'><strong>nec</strong></span> <span class='ocrx_word' id='word_1_74' title='bbox 507 916 557 974; x_wconf 90' lang='lat' dir='ltr'><strong>pro</strong></span> <span class='ocrx_word' id='word_1_75' title='bbox 580 903 607 956; x_wconf 83' lang='lat' dir='ltr'><strong>ei</strong></span> <span class='ocrx_word' id='word_1_76' title='bbox 626 898 707 956; x_wconf 85' lang='lat' dir='ltr'><strong>scribi</strong></span> <span class='ocrx_word' id='word_1_77' title='bbox 727 914 789 957; x_wconf 85' lang='lat' dir='ltr'><strong>esse</strong></span> <span class='ocrx_word' id='word_1_78' title='bbox 812 894 863 976; x_wconf 72' lang='grc' dir='ltr'><strong>(ΐὲ)</strong></span> <span class='ocrx_word' id='word_1_79' title='bbox 885 917 941 956; x_wconf 91' lang='lat' dir='ltr'><strong>non</strong></span> <span class='ocrx_word' id='word_1_80' title='bbox 962 902 1061 975; x_wconf 86' lang='lat' dir='ltr'><strong>potuit.</strong></span> <span class='ocrx_word' id='word_1_81' title='bbox 1108 899 1144 956; x_wconf 89' lang='lat' dir='ltr'><strong>De</strong></span> <span class='ocrx_word' id='word_1_82' title='bbox 1159 900 1296 956; x_wconf 84' lang='lat' dir='ltr'><strong>Ciceronis</strong></span> <span class='ocrx_word' id='word_1_83' title='bbox 1311 901 1339 956; x_wconf 89' lang='lat' dir='ltr'><strong>in</strong></span> 
     </span>
     <span class='ocr_line' id='line_1_8' title="bbox 175 980 1339 1062; baseline -0.002 -20"><span class='ocrx_word' id='word_1_84' title='bbox 175 989 277 1062; x_wconf 75' lang='lat' dir='ltr'><strong>itinere</strong></span> <span class='ocrx_word' id='word_1_85' title='bbox 295 980 345 1058; x_wconf 85' lang='lat' dir='ltr'><strong>per</strong></span> <span class='ocrx_word' id='word_1_86' title='bbox 366 983 465 1058; x_wconf 89' lang='lat' dir='ltr'><strong>oppida</strong></span> <span class='ocrx_word' id='word_1_87' title='bbox 484 983 608 1041; x_wconf 85' lang='lat' dir='ltr'><strong>iaciendo</strong></span> <span class='ocrx_word' id='word_1_88' title='bbox 629 984 797 1041; x_wconf 80' lang='lat' dir='ltr'><strong>continentia</strong></span> <span class='ocrx_word' id='word_1_89' title='bbox 817 983 852 1041; x_wconf 89' lang='lat' dir='ltr'><strong>cl.</strong></span> <span class='ocrx_word' id='word_1_90' title='bbox 875 984 908 1056; x_wconf 88' lang='lat'><strong>9,</strong></span> <span class='ocrx_word' id='word_1_91' title='bbox 933 986 948 1041; x_wconf 94' lang='lat'>1</span> <span class='ocrx_word' id='word_1_92' title='bbox 972 986 1056 1058; x_wconf 76' lang='lat' dir='ltr'><strong>„Epo</strong></span> <span class='ocrx_word' id='word_1_93' title='bbox 1079 1027 1086 1042; x_wconf 88' lang='lat'><strong>.</strong></span> <span class='ocrx_word' id='word_1_94' title='bbox 1109 1026 1117 1042; x_wconf 90' lang='lat'><strong><em>.</em></strong></span> <span class='ocrx_word' id='word_1_95' title='bbox 1140 985 1339 1057; x_wconf 81' lang='lat' dir='ltr'><strong>tractaremus,</strong></span> 
     </span>
     <span class='ocr_line' id='line_1_9' title="bbox 177 1064 1338 1144; baseline -0.003 -16"><span class='ocrx_word' id='word_1_96' title='bbox 177 1070 265 1143; x_wconf 78' lang='lat'><strong>10,2</strong></span> <span class='ocrx_word' id='word_1_97' title='bbox 289 1068 411 1142; x_wconf 76' lang='lat' dir='ltr'><strong>„Adbuc</strong></span> <span class='ocrx_word' id='word_1_98' title='bbox 438 1064 566 1143; x_wconf 77' lang='lat' dir='ltr'><strong>(Athenas</strong></span> <span class='ocrx_word' id='word_1_99' title='bbox 595 1077 650 1124; x_wconf 88' lang='lat' dir='ltr'><strong>tum</strong></span> <span class='ocrx_word' id='word_1_100' title='bbox 677 1068 770 1125; x_wconf 85' lang='lat' dir='ltr'><strong>Cicero</strong></span> <span class='ocrx_word' id='word_1_101' title='bbox 796 1072 916 1137; x_wconf 88' lang='lat' dir='ltr'><strong>venerat)</strong></span> <span class='ocrx_word' id='word_1_102' title='bbox 941 1079 1066 1144; x_wconf 89' lang='lat' dir='ltr'><strong>sumptus</strong></span> <span class='ocrx_word' id='word_1_103' title='bbox 1088 1112 1095 1127; x_wconf 87' lang='lat'><strong>.</strong></span> <span class='ocrx_word' id='word_1_104' title='bbox 1117 1112 1124 1125; x_wconf 89' lang='lat'>.</span> <span class='ocrx_word' id='word_1_105' title='bbox 1145 1068 1177 1125; x_wconf 93' lang='lat' dir='ltr'><strong>ab</strong></span> <span class='ocrx_word' id='word_1_106' title='bbox 1198 1068 1338 1143; x_wconf 81' lang='lat' dir='ltr'><strong>hospite“,</strong></span> 
     </span>
     <span class='ocr_line' id='line_1_10' title="bbox 175 1151 1337 1230; baseline 0.001 -19"><span class='ocrx_word' id='word_1_107' title='bbox 175 1156 224 1227; x_wconf 88' lang='lat'><strong>11,</strong></span> <span class='ocrx_word' id='word_1_108' title='bbox 239 1154 260 1211; x_wconf 87' lang='grc'>4</span> <span class='ocrx_word' id='word_1_109' title='bbox 275 1153 353 1227; x_wconf 81' lang='lat' dir='ltr'><strong>„Nos</strong></span> <span class='ocrx_word' id='word_1_110' title='bbox 368 1151 456 1211; x_wconf 91' lang='lat' dir='ltr'><strong>adhuc</strong></span> <span class='ocrx_word' id='word_1_111' title='bbox 469 1157 525 1210; x_wconf 81' lang='lat' dir='ltr'><strong>iter</strong></span> <span class='ocrx_word' id='word_1_112' title='bbox 540 1171 589 1227; x_wconf 87' lang='lat' dir='ltr'><strong>per</strong></span> <span class='ocrx_word' id='word_1_113' title='bbox 606 1154 760 1211; x_wconf 81' lang='lat' dir='ltr'><strong>Graeciam</strong></span> <span class='ocrx_word' id='word_1_114' title='bbox 782 1170 885 1210; x_wconf 86' lang='lat' dir='ltr'><strong>summa</strong></span> <span class='ocrx_word' id='word_1_115' title='bbox 905 1172 966 1211; x_wconf 88' lang='lat' dir='ltr'><strong>cum</strong></span> <span class='ocrx_word' id='word_1_116' title='bbox 986 1154 1162 1211; x_wconf 78' lang='lat' dir='ltr'><strong>admiratione</strong></span> <span class='ocrx_word' id='word_1_117' title='bbox 1184 1152 1231 1230; x_wconf 76' lang='lat' dir='ltr'><strong>lsc.</strong></span> <span class='ocrx_word' id='word_1_118' title='bbox 1249 1157 1337 1212; x_wconf 84' lang='lat' dir='ltr'><strong>conti·</strong></span> 
     </span>
     <span class='ocr_line' id='line_1_11' title="bbox 173 1234 777 1314; baseline -0.008 -16"><span class='ocrx_word' id='word_1_119' title='bbox 173 1243 288 1298; x_wconf 81' lang='lat' dir='ltr'><strong>aeoliae</strong></span> <span class='ocrx_word' id='word_1_120' title='bbox 303 1255 388 1310; x_wconf 85' lang='lat' dir='ltr'><strong>meae,</strong></span> <span class='ocrx_word' id='word_1_121' title='bbox 409 1238 469 1295; x_wconf 84' lang='lat' dir='ltr'><strong>vide</strong></span> <span class='ocrx_word' id='word_1_122' title='bbox 483 1234 557 1314; x_wconf 84' lang='lat' dir='ltr'><strong>sqq.)</strong></span> <span class='ocrx_word' id='word_1_123' title='bbox 578 1237 721 1310; x_wconf 80' lang='lat' dir='ltr'><strong>iacintus“,</strong></span> <span class='ocrx_word' id='word_1_124' title='bbox 743 1237 777 1293; x_wconf 89' lang='lat' dir='ltr'><strong>al.</strong></span> 
     </span>
    </p>

    <p class='ocr_par' dir='ltr' id='par_1_3' title="bbox 166 1320 1347 3096">
     <span class='ocr_line' id='line_1_12' title="bbox 254 1320 1338 1397; baseline 0.001 -17"><span class='ocrx_word' id='word_1_125' title='bbox 254 1326 372 1394; x_wconf 66' lang='grc' dir='ltr'><strong>ΕΜ..</strong></span> <span class='ocrx_word' id='word_1_126' title='bbox 395 1328 425 1380; x_wconf 88' lang='lat'><strong>1.</strong></span> <span class='ocrx_word' id='word_1_127' title='bbox 469 1322 503 1379; x_wconf 88' lang='lat' dir='ltr'><strong>D:</strong></span> <span class='ocrx_word' id='word_1_128' title='bbox 523 1320 543 1396; x_wconf 90' lang='lat'><strong><em>†</em></strong></span> <span class='ocrx_word' id='word_1_129' title='bbox 564 1323 606 1380; x_wconf 81' lang='lat' dir='ltr'><strong>Ac</strong></span> <span class='ocrx_word' id='word_1_130' title='bbox 625 1339 670 1380; x_wconf 88' lang='lat' dir='ltr'><strong>mc</strong></span> <span class='ocrx_word' id='word_1_131' title='bbox 693 1326 741 1380; x_wconf 80' lang='lat' dir='ltr'><strong>ille</strong></span> <span class='ocrx_word' id='word_1_132' title='bbox 762 1324 835 1381; x_wconf 82' lang='lat' dir='ltr'><strong>rllad</strong></span> <span class='ocrx_word' id='word_1_133' title='bbox 853 1325 964 1396; x_wconf 81' lang='lat' dir='ltr'><strong>quidem</strong></span> <span class='ocrx_word' id='word_1_134' title='bbox 986 1325 1082 1394; x_wconf 86' lang='lat' dir='ltr'><strong>labat,</strong></span> <span class='ocrx_word' id='word_1_135' title='bbox 1112 1342 1169 1381; x_wconf 85' lang='lat' dir='ltr'><strong>aon</strong></span> <span class='ocrx_word' id='word_1_136' title='bbox 1190 1340 1256 1397; x_wconf 81' lang='lat' dir='ltr'><strong>qao,</strong></span> <span class='ocrx_word' id='word_1_137' title='bbox 1279 1324 1338 1381; x_wconf 88' lang='lat' dir='ltr'><strong>sed.</strong></span> 
     </span>
     <span class='ocr_line' id='line_1_13' title="bbox 171 1404 1338 1486; baseline -0.002 -20"><span class='ocrx_word' id='word_1_138' title='bbox 171 1408 243 1486; x_wconf 70' lang='lat' dir='ltr'><strong>ligo:</strong></span> <span class='ocrx_word' id='word_1_139' title='bbox 264 1411 308 1466; x_wconf 85' lang='lat' dir='ltr'><strong>Ac</strong></span> <span class='ocrx_word' id='word_1_140' title='bbox 322 1404 342 1480; x_wconf 83' lang='lat'><strong><em>†</em></strong></span> <span class='ocrx_word' id='word_1_141' title='bbox 356 1425 400 1465; x_wconf 87' lang='lat' dir='ltr'><strong>me</strong></span> <span class='ocrx_word' id='word_1_142' title='bbox 416 1450 424 1465; x_wconf 90' lang='lat'><strong>.</strong></span> <span class='ocrx_word' id='word_1_143' title='bbox 441 1449 448 1464; x_wconf 91' lang='lat'><strong>.</strong></span> <span class='ocrx_word' id='word_1_144' title='bbox 466 1425 530 1482; x_wconf 81' lang='lat' dir='ltr'><strong>qao.</strong></span> <span class='ocrx_word' id='word_1_145' title='bbox 573 1407 668 1465; x_wconf 83' lang='lat' dir='ltr'><strong>Cicero</strong></span> <span class='ocrx_word' id='word_1_146' title='bbox 689 1409 749 1465; x_wconf 91' lang='lat' dir='ltr'><strong>sine</strong></span> <span class='ocrx_word' id='word_1_147' title='bbox 770 1407 852 1465; x_wconf 91' lang='lat' dir='ltr'><strong>dubio</strong></span> <span class='ocrx_word' id='word_1_148' title='bbox 873 1410 994 1483; x_wconf 78' lang='lat' dir='ltr'><strong>scripsit:</strong></span> <span class='ocrx_word' id='word_1_149' title='bbox 1016 1410 1059 1465; x_wconf 81' lang='lat' dir='ltr'><strong>Aa</strong></span> <span class='ocrx_word' id='word_1_150' title='bbox 1080 1414 1118 1465; x_wconf 82' lang='lat' dir='ltr'><strong>mi</strong></span> <span class='ocrx_word' id='word_1_151' title='bbox 1137 1411 1184 1466; x_wconf 84' lang='lat' dir='ltr'><strong>ille</strong></span> <span class='ocrx_word' id='word_1_152' title='bbox 1207 1404 1245 1483; x_wconf 77' lang='lat' dir='ltr'><strong>(oz</strong></span> <span class='ocrx_word' id='word_1_153' title='bbox 1262 1408 1338 1465; x_wconf 87' lang='lat' dir='ltr'><strong>Dola-</strong></span> 
     </span>
     <span class='ocr_line' id='line_1_14' title="bbox 171 1488 1337 1571; baseline -0.001 -21"><span class='ocrx_word' id='word_1_154' title='bbox 171 1491 250 1571; x_wconf 71' lang='lat' dir='ltr'><strong>bella)</strong></span> <span class='ocrx_word' id='word_1_155' title='bbox 273 1513 300 1568; x_wconf 81' lang='lat' dir='ltr'><strong>q.</strong></span> <span class='ocrx_word' id='word_1_156' title='bbox 312 1497 413 1567; x_wconf 84' lang='lat' dir='ltr'><strong>placet</strong></span> <span class='ocrx_word' id='word_1_157' title='bbox 430 1488 477 1565; x_wconf 82' lang='lat' dir='ltr'><strong>(sc.</strong></span> <span class='ocrx_word' id='word_1_158' title='bbox 495 1488 600 1568; x_wconf 83' lang='lat' dir='ltr'><strong>gener),</strong></span> <span class='ocrx_word' id='word_1_159' title='bbox 621 1511 677 1550; x_wconf 86' lang='lat' dir='ltr'><strong>noa</strong></span> <span class='ocrx_word' id='word_1_160' title='bbox 693 1509 749 1564; x_wconf 83' lang='lat' dir='ltr'><strong>qao</strong></span> <span class='ocrx_word' id='word_1_161' title='bbox 765 1535 772 1548; x_wconf 91' lang='lat'><strong>.</strong></span> <span class='ocrx_word' id='word_1_162' title='bbox 791 1534 832 1563; x_wconf 62' lang='grc'><strong>.,.,</strong></span> <span class='ocrx_word' id='word_1_163' title='bbox 854 1495 914 1564; x_wconf 85' lang='lat' dir='ltr'><strong>sed,</strong></span> <span class='ocrx_word' id='word_1_164' title='bbox 936 1502 965 1549; x_wconf 92' lang='lat' dir='ltr'><strong>ut</strong></span> <span class='ocrx_word' id='word_1_165' title='bbox 986 1511 1035 1568; x_wconf 90' lang='lat' dir='ltr'><strong>per</strong></span> <span class='ocrx_word' id='word_1_166' title='bbox 1054 1494 1226 1569; x_wconf 90' lang='lat' dir='ltr'><strong>aposiopesin</strong></span> <span class='ocrx_word' id='word_1_167' title='bbox 1248 1493 1337 1550; x_wconf 89' lang='lat' dir='ltr'><strong>audia-</strong></span> 
     </span>
     <span class='ocr_line' id='line_1_15' title="bbox 172 1577 1337 1654; baseline -0.001 -18"><span class='ocrx_word' id='word_1_168' title='bbox 172 1589 216 1636; x_wconf 88' lang='lat' dir='ltr'><strong>tur</strong></span> <span class='ocrx_word' id='word_1_169' title='bbox 228 1584 321 1652; x_wconf 85' lang='lat' dir='ltr'><strong>plane</strong></span> <span class='ocrx_word' id='word_1_170' title='bbox 340 1582 366 1635; x_wconf 83' lang='lat' dir='ltr'><strong>ic</strong></span> <span class='ocrx_word' id='word_1_171' title='bbox 385 1579 455 1635; x_wconf 81' lang='lat' dir='ltr'><strong>mihi</strong></span> <span class='ocrx_word' id='word_1_172' title='bbox 472 1593 563 1651; x_wconf 78' lang='lat' dir='ltr'><strong>pener</strong></span> <span class='ocrx_word' id='word_1_173' title='bbox 583 1578 765 1650; x_wconf 77' lang='lat' dir='ltr'><strong>satisfaciat,</strong></span> <span class='ocrx_word' id='word_1_174' title='bbox 786 1579 838 1633; x_wconf 88' lang='lat' dir='ltr'><strong>etsi</strong></span> <span class='ocrx_word' id='word_1_175' title='bbox 859 1577 912 1635; x_wconf 88' lang='lat' dir='ltr'><strong>tale</strong></span> <span class='ocrx_word' id='word_1_176' title='bbox 933 1578 1032 1654; x_wconf 85' lang='lat' dir='ltr'><strong>aliquid</strong></span> <span class='ocrx_word' id='word_1_177' title='bbox 1054 1579 1134 1635; x_wconf 86' lang='lat' dir='ltr'><strong>etiarn</strong></span> <span class='ocrx_word' id='word_1_178' title='bbox 1150 1578 1273 1636; x_wconf 78' lang='lat' dir='ltr'><strong>excidere</strong></span> <span class='ocrx_word' id='word_1_179' title='bbox 1287 1595 1337 1652; x_wconf 93' lang='lat' dir='ltr'><strong>po·</strong></span> 
     </span>
     <span class='ocr_line' id='line_1_16' title="bbox 170 1662 1336 1738; baseline -0.001 -17"><span class='ocrx_word' id='word_1_180' title='bbox 170 1667 231 1722; x_wconf 89' lang='lat' dir='ltr'><strong>tuit.</strong></span> <span class='ocrx_word' id='word_1_181' title='bbox 270 1662 342 1720; x_wconf 84' lang='lat' dir='ltr'><strong>Vidit</strong></span> <span class='ocrx_word' id='word_1_182' title='bbox 363 1662 425 1721; x_wconf 86' lang='lat' dir='ltr'><strong>Scb.</strong></span> <span class='ocrx_word' id='word_1_183' title='bbox 447 1664 619 1734; x_wconf 85' lang='lat' dir='ltr'><strong>sententiam,</strong></span> <span class='ocrx_word' id='word_1_184' title='bbox 641 1679 724 1737; x_wconf 89' lang='lat' dir='ltr'><strong>quum</strong></span> <span class='ocrx_word' id='word_1_185' title='bbox 751 1663 873 1735; x_wconf 88' lang='lat' dir='ltr'><strong>scripsit:</strong></span> <span class='ocrx_word' id='word_1_186' title='bbox 900 1665 944 1720; x_wconf 76' lang='lat' dir='ltr'><strong>Ae</strong></span> <span class='ocrx_word' id='word_1_187' title='bbox 966 1668 1004 1721; x_wconf 83' lang='lat' dir='ltr'><strong>ml</strong></span> <span class='ocrx_word' id='word_1_188' title='bbox 1022 1665 1095 1721; x_wconf 80' lang='lat' dir='ltr'><strong>illud</strong></span> <span class='ocrx_word' id='word_1_189' title='bbox 1114 1683 1140 1737; x_wconf 84' lang='lat' dir='ltr'><strong>q.</strong></span> <span class='ocrx_word' id='word_1_190' title='bbox 1159 1666 1253 1738; x_wconf 86' lang='lat' dir='ltr'><strong>labet,</strong></span> <span class='ocrx_word' id='word_1_191' title='bbox 1279 1681 1336 1721; x_wconf 86' lang='lat' dir='ltr'><strong>aaa</strong></span> 
     </span>
     <span class='ocr_line' id='line_1_17' title="bbox 170 1736 1335 1824; baseline -0.003 -17"><span class='ocrx_word' id='word_1_192' title='bbox 170 1736 249 1824; x_wconf 76' lang='lat' dir='ltr'><strong>quo‘.</strong></span> <span class='ocrx_word' id='word_1_193' title='bbox 267 1795 274 1809; x_wconf 92' lang='lat'><em>.</em></span> <span class='ocrx_word' id='word_1_194' title='bbox 292 1790 310 1813; x_wconf 88' lang='lat'><strong>.,</strong></span> <span class='ocrx_word' id='word_1_195' title='bbox 326 1750 378 1805; x_wconf 85' lang='lat' dir='ltr'><strong>sed</strong></span> <span class='ocrx_word' id='word_1_196' title='bbox 391 1756 419 1804; x_wconf 91' lang='lat' dir='ltr'><strong>et</strong></span> <span class='ocrx_word' id='word_1_197' title='bbox 433 1748 460 1803; x_wconf 89' lang='lat' dir='ltr'><strong>iu</strong></span> <span class='ocrx_word' id='word_1_198' title='bbox 475 1748 547 1804; x_wconf 82' lang='lat' dir='ltr'><strong>illud</strong></span> <span class='ocrx_word' id='word_1_199' title='bbox 559 1747 661 1803; x_wconf 87' lang='lat' dir='ltr'><strong>audivit</strong></span> <span class='ocrx_word' id='word_1_200' title='bbox 677 1746 840 1817; x_wconf 88' lang='lat' dir='ltr'><strong>„consilium</strong></span> <span class='ocrx_word' id='word_1_201' title='bbox 856 1747 888 1803; x_wconf 88' lang='lat' dir='ltr'><strong>de</strong></span> <span class='ocrx_word' id='word_1_202' title='bbox 905 1746 957 1804; x_wconf 86' lang='lat' dir='ltr'><strong>filia</strong></span> <span class='ocrx_word' id='word_1_203' title='bbox 970 1747 1124 1805; x_wconf 82' lang='lat' dir='ltr'><strong>Dolabellae</strong></span> <span class='ocrx_word' id='word_1_204' title='bbox 1139 1746 1318 1806; x_wconf 85' lang='lat' dir='ltr'><strong>collocanda“</strong></span> <span class='ocrx_word' id='word_1_205' title='bbox 1327 1768 1335 1819; x_wconf 81' lang='lat'><em>3</em></span> 
     </span>
     <span class='ocr_line' id='line_1_18' title="bbox 169 1828 1336 1910; baseline -0.002 -19"><span class='ocrx_word' id='word_1_206' title='bbox 169 1835 226 1906; x_wconf 75' lang='lat' dir='ltr'><strong>set,</strong></span> <span class='ocrx_word' id='word_1_207' title='bbox 249 1833 377 1908; x_wconf 85' lang='lat' dir='ltr'><strong>quoniam</strong></span> <span class='ocrx_word' id='word_1_208' title='bbox 396 1832 521 1905; x_wconf 88' lang='lat' dir='ltr'><strong>sequitur</strong></span> <span class='ocrx_word' id='word_1_209' title='bbox 541 1832 600 1903; x_wconf 90' lang='lat' dir='ltr'><strong>„De</strong></span> <span class='ocrx_word' id='word_1_210' title='bbox 620 1830 667 1889; x_wconf 91' lang='lat' dir='ltr'><strong>illo</strong></span> <span class='ocrx_word' id='word_1_211' title='bbox 687 1832 784 1901; x_wconf 89' lang='lat' dir='ltr'><strong>altero,</strong></span> <span class='ocrx_word' id='word_1_212' title='bbox 806 1833 1090 1904; x_wconf 83' lang='lat' dir='ltr'><strong>quem..alicnu1n“</strong></span> <span class='ocrx_word' id='word_1_213' title='bbox 1114 1831 1162 1906; x_wconf 83' lang='lat' dir='ltr'><strong>(sc.</strong></span> <span class='ocrx_word' id='word_1_214' title='bbox 1182 1828 1336 1910; x_wconf 80' lang='lat' dir='ltr'><strong>generum),</strong></span> 
     </span>
     <span class='ocr_line' id='line_1_19' title="bbox 169 1915 1336 1993; baseline -0.002 -18"><span class='ocrx_word' id='word_1_215' title='bbox 169 1918 262 1976; x_wconf 85' lang='lat' dir='ltr'><strong>Cicero</strong></span> <span class='ocrx_word' id='word_1_216' title='bbox 278 1934 334 1974; x_wconf 88' lang='lat' dir='ltr'><strong>nou</strong></span> <span class='ocrx_word' id='word_1_217' title='bbox 350 1918 441 1990; x_wconf 89' lang='lat' dir='ltr'><strong>potuit</strong></span> <span class='ocrx_word' id='word_1_218' title='bbox 454 1916 573 1973; x_wconf 82' lang='lat' dir='ltr'><strong>scribere</strong></span> <span class='ocrx_word' id='word_1_219' title='bbox 587 1919 667 1988; x_wconf 84' lang='lat' dir='ltr'><strong>illud,</strong></span> <span class='ocrx_word' id='word_1_220' title='bbox 690 1915 748 1990; x_wconf 87' lang='lat' dir='ltr'><strong>sed,</strong></span> <span class='ocrx_word' id='word_1_221' title='bbox 771 1925 800 1972; x_wconf 93' lang='lat' dir='ltr'><strong>ut</strong></span> <span class='ocrx_word' id='word_1_222' title='bbox 820 1916 943 1974; x_wconf 87' lang='lat' dir='ltr'><strong>librarius</strong></span> <span class='ocrx_word' id='word_1_223' title='bbox 965 1919 1103 1992; x_wconf 81' lang='lat' dir='ltr'><strong>archetypi</strong></span> <span class='ocrx_word' id='word_1_224' title='bbox 1125 1920 1200 1993; x_wconf 87' lang='lat' dir='ltr'><strong>prius</strong></span> <span class='ocrx_word' id='word_1_225' title='bbox 1216 1918 1336 1993; x_wconf 87' lang='lat' dir='ltr'><strong>scripsit,</strong></span> 
     </span>
     <span class='ocr_line' id='line_1_20' title="bbox 168 2000 1334 2077; baseline -0.003 -16"><span class='ocrx_word' id='word_1_226' title='bbox 168 2008 227 2074; x_wconf 81' lang='lat' dir='ltr'><strong>ille,</strong></span> <span class='ocrx_word' id='word_1_227' title='bbox 243 2020 277 2060; x_wconf 80' lang='lat' dir='ltr'><strong>ex</strong></span> <span class='ocrx_word' id='word_1_228' title='bbox 294 2018 349 2076; x_wconf 93' lang='lat' dir='ltr'><strong>quo</strong></span> <span class='ocrx_word' id='word_1_229' title='bbox 365 2009 426 2057; x_wconf 93' lang='lat' dir='ltr'><strong>ante</strong></span> <span class='ocrx_word' id='word_1_230' title='bbox 442 2020 459 2075; x_wconf 84' lang='lat' dir='ltr'><em>q</em></span> <span class='ocrx_word' id='word_1_231' title='bbox 474 2001 597 2057; x_wconf 87' lang='lat' dir='ltr'><strong>iterando</strong></span> <span class='ocrx_word' id='word_1_232' title='bbox 619 2000 678 2057; x_wconf 91' lang='lat' dir='ltr'><strong>lieri</strong></span> <span class='ocrx_word' id='word_1_233' title='bbox 692 2003 764 2058; x_wconf 81' lang='lat' dir='ltr'><strong>illud</strong></span> <span class='ocrx_word' id='word_1_234' title='bbox 777 2000 854 2058; x_wconf 84' lang='lat' dir='ltr'><strong>laclia</strong></span> <span class='ocrx_word' id='word_1_235' title='bbox 870 2005 974 2076; x_wconf 72' lang='lat' dir='ltr'><strong>potuit,</strong></span> <span class='ocrx_word' id='word_1_236' title='bbox 998 2020 1040 2076; x_wconf 91' lang='lat' dir='ltr'><strong>sq.</strong></span> <span class='ocrx_word' id='word_1_237' title='bbox 1058 2018 1091 2059; x_wconf 90' lang='lat' dir='ltr'><strong>eo</strong></span> <span class='ocrx_word' id='word_1_238' title='bbox 1107 2004 1192 2077; x_wconf 85' lang='lat' dir='ltr'><strong>igitur</strong></span> <span class='ocrx_word' id='word_1_239' title='bbox 1207 2002 1334 2077; x_wconf 87' lang='lat' dir='ltr'><strong>simplici·</strong></span> 
     </span>
     <span class='ocr_line' id='line_1_21' title="bbox 169 2085 1338 2158; baseline -0.001 -13"><span class='ocrx_word' id='word_1_240' title='bbox 169 2098 209 2145; x_wconf 90' lang='lat' dir='ltr'><strong>ter</strong></span> <span class='ocrx_word' id='word_1_241' title='bbox 228 2097 271 2145; x_wconf 89' lang='lat' dir='ltr'><strong>est</strong></span> <span class='ocrx_word' id='word_1_242' title='bbox 286 2088 450 2158; x_wconf 83' lang='lat' dir='ltr'><strong>Dolabella,</strong></span> <span class='ocrx_word' id='word_1_243' title='bbox 470 2104 526 2143; x_wconf 91' lang='lat' dir='ltr'><strong>non</strong></span> <span class='ocrx_word' id='word_1_244' title='bbox 547 2102 581 2142; x_wconf 92' lang='lat' dir='ltr'><strong>ea</strong></span> <span class='ocrx_word' id='word_1_245' title='bbox 598 2087 769 2158; x_wconf 84' lang='lat' dir='ltr'><strong>conditione,</strong></span> <span class='ocrx_word' id='word_1_246' title='bbox 791 2103 823 2144; x_wconf 86' lang='lat' dir='ltr'><strong>eo</strong></span> <span class='ocrx_word' id='word_1_247' title='bbox 844 2090 1032 2145; x_wconf 83' lang='lat' dir='ltr'><strong>matrimonio.</strong></span> <span class='ocrx_word' id='word_1_248' title='bbox 1077 2085 1114 2142; x_wconf 80' lang='lat' dir='ltr'><strong>Ex</strong></span> <span class='ocrx_word' id='word_1_249' title='bbox 1134 2089 1225 2158; x_wconf 84' lang='lat' dir='ltr'><strong>mille,</strong></span> <span class='ocrx_word' id='word_1_250' title='bbox 1248 2102 1276 2142; x_wconf 85' lang='lat' dir='ltr'><strong>o:</strong></span> <span class='ocrx_word' id='word_1_251' title='bbox 1299 2091 1338 2144; x_wconf 84' lang='lat' dir='ltr'><strong>ml</strong></span> 
     </span>
     <span class='ocr_line' id='line_1_22' title="bbox 169 2167 1333 2248; baseline -0.002 -19"><span class='ocrx_word' id='word_1_252' title='bbox 169 2169 210 2248; x_wconf 81' lang='lat' dir='ltr'><strong>(ut</strong></span> <span class='ocrx_word' id='word_1_253' title='bbox 231 2187 312 2248; x_wconf 87' lang='lat' dir='ltr'><strong>saepe</strong></span> <span class='ocrx_word' id='word_1_254' title='bbox 333 2172 361 2227; x_wconf 91' lang='lat' dir='ltr'><strong>in</strong></span> <span class='ocrx_word' id='word_1_255' title='bbox 381 2170 405 2226; x_wconf 88' lang='lat' dir='ltr'><strong>bl</strong></span> <span class='ocrx_word' id='word_1_256' title='bbox 426 2167 562 2244; x_wconf 85' lang='lat' dir='ltr'><strong>scribitur)</strong></span> <span class='ocrx_word' id='word_1_257' title='bbox 586 2174 649 2242; x_wconf 82' lang='lat' dir='ltr'><strong>ille,</strong></span> <span class='ocrx_word' id='word_1_258' title='bbox 676 2170 800 2226; x_wconf 76' lang='lat' dir='ltr'><strong>facillime</strong></span> <span class='ocrx_word' id='word_1_259' title='bbox 826 2171 925 2228; x_wconf 88' lang='lat' dir='ltr'><strong>lactum</strong></span> <span class='ocrx_word' id='word_1_260' title='bbox 952 2181 994 2228; x_wconf 90' lang='lat' dir='ltr'><strong>est</strong></span> <span class='ocrx_word' id='word_1_261' title='bbox 1015 2187 1059 2228; x_wconf 83' lang='lat' dir='ltr'><strong>me</strong></span> <span class='ocrx_word' id='word_1_262' title='bbox 1079 2176 1142 2241; x_wconf 82' lang='lat' dir='ltr'><strong>ille3</strong></span> <span class='ocrx_word' id='word_1_263' title='bbox 1164 2171 1198 2228; x_wconf 92' lang='lat' dir='ltr'><strong>de</strong></span> <span class='ocrx_word' id='word_1_264' title='bbox 1219 2187 1264 2228; x_wconf 85' lang='lat' dir='ltr'><strong>rae</strong></span> <span class='ocrx_word' id='word_1_265' title='bbox 1283 2188 1333 2246; x_wconf 89' lang='lat' dir='ltr'><strong>pro</strong></span> 
     </span>
     <span class='ocr_line' id='line_1_23' title="bbox 168 2254 1334 2332; baseline -0.003 -17"><span class='ocrx_word' id='word_1_266' title='bbox 168 2263 206 2315; x_wconf 82' lang='lat' dir='ltr'><strong>mi</strong></span> <span class='ocrx_word' id='word_1_267' title='bbox 223 2260 330 2332; x_wconf 86' lang='lat' dir='ltr'><strong>&#39;scripto</strong></span> <span class='ocrx_word' id='word_1_268' title='bbox 357 2254 418 2311; x_wconf 88' lang='lat' dir='ltr'><strong>alibi</strong></span> <span class='ocrx_word' id='word_1_269' title='bbox 441 2255 505 2312; x_wconf 81' lang='lat' dir='ltr'><strong>dixi.</strong></span> <span class='ocrx_word' id='word_1_270' title='bbox 541 2284 581 2296; x_wconf 89' lang='lat'><em>-</em></span> <span class='ocrx_word' id='word_1_271' title='bbox 616 2260 647 2312; x_wconf 81' lang='lat'><strong>3.</strong></span> <span class='ocrx_word' id='word_1_272' title='bbox 677 2254 781 2329; x_wconf 81' lang='lat' dir='ltr'><strong>Vulgo:</strong></span> <span class='ocrx_word' id='word_1_273' title='bbox 804 2265 845 2326; x_wconf 91' lang='lat' dir='ltr'><strong>et,</strong></span> <span class='ocrx_word' id='word_1_274' title='bbox 869 2263 900 2312; x_wconf 86' lang='lat' dir='ltr'><strong>ut</strong></span> <span class='ocrx_word' id='word_1_275' title='bbox 930 2275 1014 2331; x_wconf 66' lang='lat' dir='ltr'><strong>epam</strong></span> <span class='ocrx_word' id='word_1_276' title='bbox 1044 2260 1178 2330; x_wconf 81' lang='lat' dir='ltr'><strong>amplias.</strong></span> <span class='ocrx_word' id='word_1_277' title='bbox 1223 2254 1334 2312; x_wconf 76' lang='lat' dir='ltr'><strong>Frustra</strong></span> 
     </span>
     <span class='ocr_line' id='line_1_24' title="bbox 168 2340 1333 2416; baseline -0.001 -17"><span class='ocrx_word' id='word_1_278' title='bbox 168 2343 234 2399; x_wconf 85' lang='lat' dir='ltr'><strong>Dan.</strong></span> <span class='ocrx_word' id='word_1_279' title='bbox 248 2350 275 2398; x_wconf 90' lang='lat' dir='ltr'><strong>et</strong></span> <span class='ocrx_word' id='word_1_280' title='bbox 286 2341 350 2398; x_wconf 88' lang='lat' dir='ltr'><strong>Seh.</strong></span> <span class='ocrx_word' id='word_1_281' title='bbox 364 2341 415 2397; x_wconf 89' lang='lat' dir='ltr'><strong>boc</strong></span> <span class='ocrx_word' id='word_1_282' title='bbox 426 2341 465 2398; x_wconf 88' lang='lat' dir='ltr'><strong>sic</strong></span> <span class='ocrx_word' id='word_1_283' title='bbox 479 2340 624 2416; x_wconf 83' lang='lat' dir='ltr'><strong>explicant,</strong></span> <span class='ocrx_word' id='word_1_284' title='bbox 640 2341 716 2415; x_wconf 88' lang='lat' dir='ltr'><strong>quasi</strong></span> <span class='ocrx_word' id='word_1_285' title='bbox 732 2340 768 2395; x_wconf 91' lang='lat' dir='ltr'><strong>sit</strong></span> <span class='ocrx_word' id='word_1_286' title='bbox 782 2365 824 2389; x_wconf 88' lang='lat'><strong>==</strong></span> <span class='ocrx_word' id='word_1_287' title='bbox 840 2348 870 2398; x_wconf 87' lang='lat' dir='ltr'><strong>at</strong></span> <span class='ocrx_word' id='word_1_288' title='bbox 886 2343 1078 2398; x_wconf 80' lang='lat' dir='ltr'><strong>vehementius</strong></span> <span class='ocrx_word' id='word_1_289' title='bbox 1094 2343 1185 2414; x_wconf 86' lang='lat' dir='ltr'><strong>(plus)</strong></span> <span class='ocrx_word' id='word_1_290' title='bbox 1204 2382 1232 2399; x_wconf 88' lang='lat'><strong>..</strong></span> <span class='ocrx_word' id='word_1_291' title='bbox 1249 2345 1333 2398; x_wconf 85' lang='lat' dir='ltr'><strong>etiam</strong></span> 
     </span>
     <span class='ocr_line' id='line_1_25' title="bbox 169 2421 1334 2501; baseline -0.002 -16"><span class='ocrx_word' id='word_1_292' title='bbox 169 2448 186 2485; x_wconf 91' lang='lat' dir='ltr'><strong>a</strong></span> <span class='ocrx_word' id='word_1_293' title='bbox 208 2426 438 2496; x_wconf 83' lang='lat' dir='ltr'><strong>tecantandum,</strong></span> <span class='ocrx_word' id='word_1_294' title='bbox 460 2425 533 2499; x_wconf 86' lang='lat' dir='ltr'><strong>quod</strong></span> <span class='ocrx_word' id='word_1_295' title='bbox 555 2425 607 2482; x_wconf 91' lang='lat' dir='ltr'><strong>dici</strong></span> <span class='ocrx_word' id='word_1_296' title='bbox 627 2427 666 2482; x_wconf 89' lang='lat' dir='ltr'><strong>sic</strong></span> <span class='ocrx_word' id='word_1_297' title='bbox 688 2441 768 2499; x_wconf 88' lang='lat' dir='ltr'><strong>posse</strong></span> <span class='ocrx_word' id='word_1_298' title='bbox 793 2427 853 2482; x_wconf 90' lang='lat' dir='ltr'><strong>inre</strong></span> <span class='ocrx_word' id='word_1_299' title='bbox 873 2429 983 2501; x_wconf 77' lang='lat' dir='ltr'><strong>negavit</strong></span> <span class='ocrx_word' id='word_1_300' title='bbox 1004 2425 1063 2482; x_wconf 86' lang='lat' dir='ltr'><strong>Mal.</strong></span> <span class='ocrx_word' id='word_1_301' title='bbox 1109 2425 1181 2501; x_wconf 78' lang='lat' dir='ltr'><strong>Ego:</strong></span> <span class='ocrx_word' id='word_1_302' title='bbox 1204 2434 1239 2498; x_wconf 90' lang='lat' dir='ltr'><strong>et,</strong></span> <span class='ocrx_word' id='word_1_303' title='bbox 1261 2433 1292 2484; x_wconf 89' lang='lat' dir='ltr'><strong>at</strong></span> <span class='ocrx_word' id='word_1_304' title='bbox 1314 2421 1334 2500; x_wconf 79' lang='lat'><strong><em>†</em></strong></span> 
     </span>
     <span class='ocr_line' id='line_1_26' title="bbox 168 2508 1333 2588; baseline -0.003 -18"><span class='ocrx_word' id='word_1_305' title='bbox 168 2532 267 2588; x_wconf 78' lang='lat' dir='ltr'><strong>apam3</strong></span> <span class='ocrx_word' id='word_1_306' title='bbox 290 2511 343 2566; x_wconf 89' lang='lat' dir='ltr'><strong>etsi</strong></span> <span class='ocrx_word' id='word_1_307' title='bbox 357 2508 417 2565; x_wconf 86' lang='lat' dir='ltr'><strong>blal.</strong></span> <span class='ocrx_word' id='word_1_308' title='bbox 434 2527 522 2581; x_wconf 69' lang='lat' dir='ltr'><strong>conp,</strong></span> <span class='ocrx_word' id='word_1_309' title='bbox 546 2519 577 2567; x_wconf 85' lang='lat' dir='ltr'><strong>ut</strong></span> <span class='ocrx_word' id='word_1_310' title='bbox 591 2528 628 2568; x_wconf 85' lang='lat' dir='ltr'><strong>ae</strong></span> <span class='ocrx_word' id='word_1_311' title='bbox 644 2527 756 2584; x_wconf 77' lang='lat' dir='ltr'><strong>anyer,</strong></span> <span class='ocrx_word' id='word_1_312' title='bbox 779 2511 842 2567; x_wconf 85' lang='lat' dir='ltr'><strong>mihi</strong></span> <span class='ocrx_word' id='word_1_313' title='bbox 863 2520 917 2567; x_wconf 85' lang='lat' dir='ltr'><strong>tam</strong></span> <span class='ocrx_word' id='word_1_314' title='bbox 932 2520 1005 2569; x_wconf 89' lang='lat' dir='ltr'><strong>certa</strong></span> <span class='ocrx_word' id='word_1_315' title='bbox 1021 2511 1136 2584; x_wconf 88' lang='lat' dir='ltr'><strong>videtur,</strong></span> <span class='ocrx_word' id='word_1_316' title='bbox 1160 2519 1190 2568; x_wconf 89' lang='lat' dir='ltr'><strong>nt</strong></span> <span class='ocrx_word' id='word_1_317' title='bbox 1211 2513 1238 2567; x_wconf 93' lang='lat' dir='ltr'><strong>in</strong></span> <span class='ocrx_word' id='word_1_318' title='bbox 1257 2519 1333 2567; x_wconf 80' lang='lat' dir='ltr'><strong>textu</strong></span> 
     </span>
     <span class='ocr_line' id='line_1_27' title="bbox 166 2594 1331 2673; baseline -0.003 -19"><span class='ocrx_word' id='word_1_319' title='bbox 166 2596 291 2673; x_wconf 86' lang='lat' dir='ltr'><strong>ponenda</strong></span> <span class='ocrx_word' id='word_1_320' title='bbox 308 2595 406 2663; x_wconf 82' lang='lat' dir='ltr'><strong>luerit3</strong></span> <span class='ocrx_word' id='word_1_321' title='bbox 427 2594 487 2649; x_wconf 89' lang='lat' dir='ltr'><strong>vide</strong></span> <span class='ocrx_word' id='word_1_322' title='bbox 507 2594 566 2650; x_wconf 80' lang='lat' dir='ltr'><strong>hal.</strong></span> <span class='ocrx_word' id='word_1_323' title='bbox 602 2594 675 2652; x_wconf 86' lang='lat' dir='ltr'><strong>inter</strong></span> <span class='ocrx_word' id='word_1_324' title='bbox 703 2594 754 2650; x_wconf 85' lang='lat' dir='ltr'><strong>VT</strong></span> <span class='ocrx_word' id='word_1_325' title='bbox 771 2604 799 2651; x_wconf 89' lang='lat' dir='ltr'><strong>et</strong></span> <span class='ocrx_word' id='word_1_326' title='bbox 821 2594 876 2652; x_wconf 86' lang='grc' dir='ltr'><strong>ΑΝ</strong></span> <span class='ocrx_word' id='word_1_327' title='bbox 897 2596 1020 2653; x_wconf 80' lang='lat' dir='ltr'><strong>facillime</strong></span> <span class='ocrx_word' id='word_1_328' title='bbox 1040 2597 1139 2653; x_wconf 86' lang='lat' dir='ltr'><strong>excidit</strong></span> <span class='ocrx_word' id='word_1_329' title='bbox 1160 2597 1231 2668; x_wconf 84' lang='grc' dir='ltr'><strong>ΝΕ,</strong></span> <span class='ocrx_word' id='word_1_330' title='bbox 1252 2604 1278 2652; x_wconf 92' lang='lat' dir='ltr'><strong>et</strong></span> <span class='ocrx_word' id='word_1_331' title='bbox 1300 2612 1331 2651; x_wconf 82' lang='lat' dir='ltr'><strong>er</strong></span> 
     </span>
     <span class='ocr_line' id='line_1_28' title="bbox 168 2679 1332 2757; baseline -0.003 -20"><span class='ocrx_word' id='word_1_332' title='bbox 168 2690 242 2757; x_wconf 65' lang='lat' dir='ltr'><strong>epar</strong></span> <span class='ocrx_word' id='word_1_333' title='bbox 256 2680 358 2737; x_wconf 89' lang='lat' dir='ltr'><strong>lactum</strong></span> <span class='ocrx_word' id='word_1_334' title='bbox 373 2686 415 2735; x_wconf 89' lang='lat' dir='ltr'><strong>est</strong></span> <span class='ocrx_word' id='word_1_335' title='bbox 430 2684 496 2754; x_wconf 76' lang='lat' dir='ltr'><strong>opti.</strong></span> <span class='ocrx_word' id='word_1_336' title='bbox 526 2710 570 2719; x_wconf 95' lang='lat'><em>-</em></span> <span class='ocrx_word' id='word_1_337' title='bbox 598 2679 697 2736; x_wconf 82' lang='lat' dir='ltr'><strong>Deinde</strong></span> <span class='ocrx_word' id='word_1_338' title='bbox 717 2696 768 2753; x_wconf 90' lang='lat' dir='ltr'><strong>pro</strong></span> <span class='ocrx_word' id='word_1_339' title='bbox 788 2697 850 2736; x_wconf 87' lang='lat' dir='ltr'><strong>mea</strong></span> <span class='ocrx_word' id='word_1_340' title='bbox 872 2686 968 2753; x_wconf 82' lang='lat' dir='ltr'><strong>captio</strong></span> <span class='ocrx_word' id='word_1_341' title='bbox 989 2688 1031 2737; x_wconf 90' lang='lat' dir='ltr'><strong>est</strong></span> <span class='ocrx_word' id='word_1_342' title='bbox 1052 2680 1114 2737; x_wconf 89' lang='lat' dir='ltr'><strong>Sch.</strong></span> <span class='ocrx_word' id='word_1_343' title='bbox 1136 2690 1208 2738; x_wconf 89' lang='lat' dir='ltr'><strong>recte</strong></span> <span class='ocrx_word' id='word_1_344' title='bbox 1225 2681 1332 2754; x_wconf 84' lang='lat' dir='ltr'><strong>scripsit</strong></span> 
     </span>
     <span class='ocr_line' id='line_1_29' title="bbox 167 2763 1347 2840; baseline -0.005 -16"><span class='ocrx_word' id='word_1_345' title='bbox 167 2784 228 2824; x_wconf 88' lang='lat' dir='ltr'><strong>mea</strong></span> <span class='ocrx_word' id='word_1_346' title='bbox 257 2767 351 2823; x_wconf 81' lang='lat' dir='ltr'><strong>cautio</strong></span> <span class='ocrx_word' id='word_1_347' title='bbox 383 2771 442 2836; x_wconf 88' lang='lat' dir='ltr'><strong>est,</strong></span> <span class='ocrx_word' id='word_1_348' title='bbox 467 2764 516 2819; x_wconf 87' lang='lat' dir='ltr'><strong>sed</strong></span> <span class='ocrx_word' id='word_1_349' title='bbox 543 2766 613 2821; x_wconf 87' lang='lat' dir='ltr'><strong>inter</strong></span> <span class='ocrx_word' id='word_1_350' title='bbox 639 2765 760 2822; x_wconf 82' lang='lat' dir='ltr'><strong>deesSE</strong></span> <span class='ocrx_word' id='word_1_351' title='bbox 780 2774 808 2820; x_wconf 90' lang='lat' dir='ltr'><strong>et</strong></span> <span class='ocrx_word' id='word_1_352' title='bbox 829 2765 913 2821; x_wconf 76' lang='lat' dir='ltr'><strong>MDA</strong></span> <span class='ocrx_word' id='word_1_353' title='bbox 940 2763 1090 2821; x_wconf 87' lang='lat' dir='ltr'><strong>addendum</strong></span> <span class='ocrx_word' id='word_1_354' title='bbox 1115 2773 1158 2821; x_wconf 90' lang='lat' dir='ltr'><strong>est</strong></span> <span class='ocrx_word' id='word_1_355' title='bbox 1181 2766 1250 2823; x_wconf 83' lang='lat' dir='ltr'><strong>SEd</strong></span> <span class='ocrx_word' id='word_1_356' title='bbox 1270 2765 1347 2840; x_wconf 69' lang='grc' dir='ltr'><strong>ΕΑ,</strong></span> 
     </span>
     <span class='ocr_line' id='line_1_30' title="bbox 167 2847 1330 2924; baseline -0.006 -15"><span class='ocrx_word' id='word_1_357' title='bbox 167 2853 217 2909; x_wconf 83' lang='lat' dir='ltr'><strong>etsi</strong></span> <span class='ocrx_word' id='word_1_358' title='bbox 240 2867 276 2908; x_wconf 91' lang='lat' dir='ltr'><strong>ea</strong></span> <span class='ocrx_word' id='word_1_359' title='bbox 296 2849 376 2906; x_wconf 90' lang='lat' dir='ltr'><strong>etiam</strong></span> <span class='ocrx_word' id='word_1_360' title='bbox 401 2856 464 2922; x_wconf 88' lang='lat' dir='ltr'><strong>post</strong></span> <span class='ocrx_word' id='word_1_361' title='bbox 490 2865 553 2905; x_wconf 88' lang='lat' dir='ltr'><strong>mea</strong></span> <span class='ocrx_word' id='word_1_362' title='bbox 579 2848 703 2905; x_wconf 77' lang='lat' dir='ltr'><strong>excidere</strong></span> <span class='ocrx_word' id='word_1_363' title='bbox 728 2850 834 2924; x_wconf 80' lang='lat' dir='ltr'><strong>potuit3</strong></span> <span class='ocrx_word' id='word_1_364' title='bbox 856 2848 889 2905; x_wconf 91' lang='lat' dir='ltr'><strong>de</strong></span> <span class='ocrx_word' id='word_1_365' title='bbox 910 2854 965 2907; x_wconf 85' lang='lat' dir='ltr'><strong>etsi</strong></span> <span class='ocrx_word' id='word_1_366' title='bbox 985 2892 991 2905; x_wconf 92' lang='lat'><strong><em>.</em></strong></span> <span class='ocrx_word' id='word_1_367' title='bbox 1016 2891 1040 2919; x_wconf 93' lang='lat'><strong>.,</strong></span> <span class='ocrx_word' id='word_1_368' title='bbox 1067 2851 1119 2906; x_wconf 87' lang='lat' dir='ltr'><strong>sed</strong></span> <span class='ocrx_word' id='word_1_369' title='bbox 1139 2852 1245 2924; x_wconf 87' lang='lat' dir='ltr'><strong>saepius</strong></span> <span class='ocrx_word' id='word_1_370' title='bbox 1268 2847 1330 2904; x_wconf 84' lang='lat' dir='ltr'><strong>diri.</strong></span> 
     </span>
     <span class='ocr_line' id='line_1_31' title="bbox 167 2932 1330 3009; baseline -0.004 -15"><span class='ocrx_word' id='word_1_371' title='bbox 167 2937 267 3009; x_wconf 76' lang='lat' dir='ltr'><strong>Capito</strong></span> <span class='ocrx_word' id='word_1_372' title='bbox 290 2935 335 2991; x_wconf 90' lang='lat' dir='ltr'><strong>hic</strong></span> <span class='ocrx_word' id='word_1_373' title='bbox 353 2932 443 2989; x_wconf 90' lang='lat' dir='ltr'><strong>locum</strong></span> <span class='ocrx_word' id='word_1_374' title='bbox 464 2933 568 2989; x_wconf 89' lang='lat' dir='ltr'><strong>nullum</strong></span> <span class='ocrx_word' id='word_1_375' title='bbox 589 2932 685 3001; x_wconf 88' lang='lat' dir='ltr'><strong>habet,</strong></span> <span class='ocrx_word' id='word_1_376' title='bbox 707 2933 759 2990; x_wconf 84' lang='lat' dir='ltr'><strong>vid.</strong></span> <span class='ocrx_word' id='word_1_377' title='bbox 781 2933 852 2991; x_wconf 76' lang='lat' dir='ltr'><strong>lens.</strong></span> <span class='ocrx_word' id='word_1_378' title='bbox 885 2965 924 2974; x_wconf 93' lang='lat'>-</span> <span class='ocrx_word' id='word_1_379' title='bbox 952 2938 985 2991; x_wconf 86' lang='lat'><strong>4.</strong></span> <span class='ocrx_word' id='word_1_380' title='bbox 1007 2933 1111 3009; x_wconf 79' lang='lat' dir='ltr'><strong>Vulgo:</strong></span> <span class='ocrx_word' id='word_1_381' title='bbox 1131 2936 1280 3005; x_wconf 84' lang='lat' dir='ltr'><strong>ducentos,</strong></span> <span class='ocrx_word' id='word_1_382' title='bbox 1303 2934 1330 2989; x_wconf 88' lang='lat' dir='ltr'><strong>iu</strong></span> 
     </span>
     <span class='ocr_line' id='line_1_32' title="bbox 167 3017 1332 3096; baseline -0.003 -18"><span class='ocrx_word' id='word_1_383' title='bbox 167 3039 220 3096; x_wconf 89' lang='lat' dir='ltr'><strong>quo</strong></span> <span class='ocrx_word' id='word_1_384' title='bbox 240 3018 354 3076; x_wconf 88' lang='lat' dir='ltr'><strong>audiunt</strong></span> <span class='ocrx_word' id='word_1_385' title='bbox 373 3020 536 3089; x_wconf 87' lang='lat' dir='ltr'><strong>„sestertios</strong></span> <span class='ocrx_word' id='word_1_386' title='bbox 558 3018 592 3074; x_wconf 90' lang='lat' dir='ltr'><strong>de</strong></span> <span class='ocrx_word' id='word_1_387' title='bbox 608 3035 665 3074; x_wconf 85' lang='lat' dir='ltr'><strong>mea</strong></span> <span class='ocrx_word' id='word_1_388' title='bbox 681 3019 796 3093; x_wconf 90' lang='lat' dir='ltr'><strong>pecunia</strong></span> <span class='ocrx_word' id='word_1_389' title='bbox 811 3018 843 3074; x_wconf 84' lang='lat' dir='ltr'><strong>ad</strong></span> <span class='ocrx_word' id='word_1_390' title='bbox 859 3019 998 3076; x_wconf 86' lang='lat' dir='ltr'><strong>emendam</strong></span> <span class='ocrx_word' id='word_1_391' title='bbox 1013 3019 1142 3076; x_wconf 88' lang='lat' dir='ltr'><strong>chartam.</strong></span> <span class='ocrx_word' id='word_1_392' title='bbox 1186 3017 1258 3093; x_wconf 82' lang='lat' dir='ltr'><strong>Ego:</strong></span> <span class='ocrx_word' id='word_1_393' title='bbox 1280 3017 1332 3074; x_wconf 84' lang='lat' dir='ltr'><strong>du·</strong></span> 
     </span>
    </p>
   </div>
   <div class='ocr_carea' id='block_1_3' title="bbox 166 3102 1445 3179">
    <p class='ocr_par' dir='ltr' id='par_1_4' title="bbox 166 3102 1445 3179">
     <span class='ocr_line' id='line_1_33' title="bbox 166 3102 1445 3179; baseline -0.004 -17"><span class='ocrx_word' id='word_1_394' title='bbox 166 3113 278 3177; x_wconf 82' lang='lat' dir='ltr'><strong>centos,</strong></span> <span class='ocrx_word' id='word_1_395' title='bbox 298 3120 336 3159; x_wconf 92' lang='lat' dir='ltr'><strong>sc.</strong></span> <span class='ocrx_word' id='word_1_396' title='bbox 354 3102 460 3172; x_wconf 74' lang='lat' dir='ltr'><strong>abactas</strong></span> <span class='ocrx_word' id='word_1_397' title='bbox 481 3120 513 3159; x_wconf 83' lang='lat' dir='ltr'><strong>er</strong></span> <span class='ocrx_word' id='word_1_398' title='bbox 534 3119 591 3158; x_wconf 90' lang='lat' dir='ltr'><strong>mea</strong></span> <span class='ocrx_word' id='word_1_399' title='bbox 612 3103 763 3159; x_wconf 88' lang='lat' dir='ltr'><strong>chartarum</strong></span> <span class='ocrx_word' id='word_1_400' title='bbox 785 3105 875 3177; x_wconf 88' lang='lat' dir='ltr'><strong>copia:</strong></span> <span class='ocrx_word' id='word_1_401' title='bbox 897 3106 937 3161; x_wconf 87' lang='lat' dir='ltr'><strong>sic</strong></span> <span class='ocrx_word' id='word_1_402' title='bbox 951 3121 993 3177; x_wconf 87' lang='lat' dir='ltr'><strong>sq.</strong></span> <span class='ocrx_word' id='word_1_403' title='bbox 1015 3107 1045 3159; x_wconf 88' lang='lat' dir='ltr'><strong>in</strong></span> <span class='ocrx_word' id='word_1_404' title='bbox 1062 3119 1094 3160; x_wconf 91' lang='lat' dir='ltr'><strong>eo</strong></span> <span class='ocrx_word' id='word_1_405' title='bbox 1116 3104 1274 3179; x_wconf 87' lang='lat' dir='ltr'><strong>simpliciter</strong></span> <span class='ocrx_word' id='word_1_406' title='bbox 1289 3110 1331 3158; x_wconf 89' lang='lat' dir='ltr'><strong>est</strong></span> <span class='ocrx_word' id='word_1_407' title='bbox 1440 3112 1445 3120; x_wconf 82' lang='lat'><strong>·</strong></span> 
     </span>
    </p>
   </div>
   <div class='ocr_carea' id='block_1_4' title="bbox 117 3187 1365 4454">
    <p class='ocr_par' dir='ltr' id='par_1_5' title="bbox 117 3187 1365 4367">
     <span class='ocr_line' id='line_1_34' title="bbox 165 3187 1330 3263; baseline -0.004 -15"><span class='ocrx_word' id='word_1_408' title='bbox 165 3195 193 3248; x_wconf 83' lang='lat' dir='ltr'><strong>la</strong></span> <span class='ocrx_word' id='word_1_409' title='bbox 211 3207 246 3246; x_wconf 89' lang='lat' dir='ltr'><strong>ea</strong></span> <span class='ocrx_word' id='word_1_410' title='bbox 262 3205 306 3259; x_wconf 92' lang='lat' dir='ltr'><strong>re,</strong></span> <span class='ocrx_word' id='word_1_411' title='bbox 327 3202 357 3240; x_wconf 87' lang='lat' dir='ltr'><strong>o:</strong></span> <span class='ocrx_word' id='word_1_412' title='bbox 380 3188 408 3242; x_wconf 90' lang='lat' dir='ltr'><strong>in</strong></span> <span class='ocrx_word' id='word_1_413' title='bbox 430 3187 537 3243; x_wconf 90' lang='lat' dir='ltr'><strong>utendis</strong></span> <span class='ocrx_word' id='word_1_414' title='bbox 556 3189 599 3260; x_wconf 86' lang='lat' dir='ltr'><strong>iis,</strong></span> <span class='ocrx_word' id='word_1_415' title='bbox 625 3204 690 3262; x_wconf 88' lang='lat' dir='ltr'><strong>quas</strong></span> <span class='ocrx_word' id='word_1_416' title='bbox 706 3188 804 3244; x_wconf 88' lang='lat' dir='ltr'><strong>multas</strong></span> <span class='ocrx_word' id='word_1_417' title='bbox 819 3187 917 3261; x_wconf 91' lang='lat' dir='ltr'><strong>haheo,</strong></span> <span class='ocrx_word' id='word_1_418' title='bbox 939 3190 1047 3246; x_wconf 90' lang='lat' dir='ltr'><strong>chartis.</strong></span> <span class='ocrx_word' id='word_1_419' title='bbox 1079 3219 1120 3228; x_wconf 95' lang='lat'>—</span> <span class='ocrx_word' id='word_1_420' title='bbox 1150 3189 1279 3263; x_wconf 82' lang='lat' dir='ltr'><strong>Deinceps</strong></span> <span class='ocrx_word' id='word_1_421' title='bbox 1296 3187 1330 3243; x_wconf 83' lang='lat' dir='ltr'><strong>D:</strong></span> 
     </span>
     <span class='ocr_line' id='line_1_35' title="bbox 164 3268 1329 3349; baseline -0.004 -17"><span class='ocrx_word' id='word_1_422' title='bbox 164 3277 316 3349; x_wconf 75' lang='lat' dir='ltr'><strong>sipaillcat.</strong></span> <span class='ocrx_word' id='word_1_423' title='bbox 344 3271 418 3329; x_wconf 80' lang='lat' dir='ltr'><strong>Dum</strong></span> <span class='ocrx_word' id='word_1_424' title='bbox 434 3290 451 3327; x_wconf 92' lang='lat' dir='ltr'><strong>a</strong></span> <span class='ocrx_word' id='word_1_425' title='bbox 469 3315 476 3328; x_wconf 91' lang='lat'><strong>.</strong></span> <span class='ocrx_word' id='word_1_426' title='bbox 493 3279 520 3329; x_wconf 89' lang='lat' dir='ltr'><strong>et</strong></span> <span class='ocrx_word' id='word_1_427' title='bbox 537 3315 543 3328; x_wconf 94' lang='lat'>.</span> <span class='ocrx_word' id='word_1_428' title='bbox 560 3288 692 3329; x_wconf 82' lang='lat' dir='ltr'><strong>rumores</strong></span> <span class='ocrx_word' id='word_1_429' title='bbox 707 3276 750 3330; x_wconf 87' lang='lat' dir='ltr'><strong>ael</strong></span> <span class='ocrx_word' id='word_1_430' title='bbox 766 3275 859 3344; x_wconf 78' lang='lat' dir='ltr'><strong>etiam,</strong></span> <span class='ocrx_word' id='word_1_431' title='bbox 876 3277 904 3329; x_wconf 80' lang='lat' dir='ltr'><strong>si</strong></span> <span class='ocrx_word' id='word_1_432' title='bbox 916 3292 974 3349; x_wconf 81' lang='lat' dir='ltr'><strong>qua</strong></span> <span class='ocrx_word' id='word_1_433' title='bbox 991 3316 998 3329; x_wconf 88' lang='lat'><strong>.</strong></span> <span class='ocrx_word' id='word_1_434' title='bbox 1016 3314 1021 3327; x_wconf 94' lang='lat'><em>.</em></span> <span class='ocrx_word' id='word_1_435' title='bbox 1039 3274 1176 3345; x_wconf 79' lang='lat' dir='ltr'><strong>Caesare,</strong></span> <span class='ocrx_word' id='word_1_436' title='bbox 1193 3268 1240 3345; x_wconf 89' lang='lat' dir='ltr'><strong>(sc.</strong></span> <span class='ocrx_word' id='word_1_437' title='bbox 1258 3275 1329 3328; x_wconf 62' lang='lat' dir='ltr'><strong>scri·</strong></span> 
     </span>
     <span class='ocr_line' id='line_1_36' title="bbox 117 3353 1328 3433; baseline -0.006 -16"><span class='ocrx_word' id='word_1_438' title='bbox 117 3371 120 3375; x_wconf 80' lang='grc'><em>’</em></span> <span class='ocrx_word' id='word_1_439' title='bbox 165 3357 225 3432; x_wconf 86' lang='lat' dir='ltr'><strong>bas]</strong></span> <span class='ocrx_word' id='word_1_440' title='bbox 243 3363 391 3429; x_wconf 80' lang='lat' dir='ltr'><strong>eaespecto.</strong></span> <span class='ocrx_word' id='word_1_441' title='bbox 421 3357 548 3413; x_wconf 79' lang='lat' dir='ltr'><strong>Litteras</strong></span> <span class='ocrx_word' id='word_1_442' title='bbox 569 3365 596 3413; x_wconf 90' lang='lat' dir='ltr'><strong>et</strong></span> <span class='ocrx_word' id='word_1_443' title='bbox 619 3353 667 3433; x_wconf 87' lang='lat' dir='ltr'><strong>(sic</strong></span> <span class='ocrx_word' id='word_1_444' title='bbox 686 3355 804 3413; x_wconf 87' lang='lat' dir='ltr'><strong>Stinner.</strong></span> <span class='ocrx_word' id='word_1_445' title='bbox 827 3356 911 3430; x_wconf 72' lang='lat' dir='ltr'><strong>conj,</strong></span> <span class='ocrx_word' id='word_1_446' title='bbox 933 3358 985 3415; x_wconf 87' lang='lat' dir='ltr'><strong>nisi</strong></span> <span class='ocrx_word' id='word_1_447' title='bbox 1005 3357 1080 3430; x_wconf 86' lang='lat' dir='ltr'><strong>quod</strong></span> <span class='ocrx_word' id='word_1_448' title='bbox 1101 3358 1157 3431; x_wconf 89' lang='lat' dir='ltr'><strong>ille,</strong></span> <span class='ocrx_word' id='word_1_449' title='bbox 1180 3366 1210 3412; x_wconf 91' lang='lat' dir='ltr'><strong>nt</strong></span> <span class='ocrx_word' id='word_1_450' title='bbox 1229 3354 1328 3430; x_wconf 72' lang='lat' dir='ltr'><strong>vulgo:</strong></span> 
     </span>
     <span class='ocr_line' id='line_1_37' title="bbox 165 3437 1329 3523; baseline -0.004 -22"><span class='ocrx_word' id='word_1_451' title='bbox 165 3462 189 3501; x_wconf 93' lang='lat' dir='ltr'><strong>e.</strong></span> <span class='ocrx_word' id='word_1_452' title='bbox 203 3449 235 3515; x_wconf 90' lang='lat' dir='ltr'><strong>l.,</strong></span> <span class='ocrx_word' id='word_1_453' title='bbox 252 3437 288 3514; x_wconf 85' lang='lat' dir='ltr'><strong>et)</strong></span> <span class='ocrx_word' id='word_1_454' title='bbox 311 3442 375 3497; x_wconf 82' lang='lat' dir='ltr'><strong>aliis</strong></span> <span class='ocrx_word' id='word_1_455' title='bbox 395 3448 422 3498; x_wconf 88' lang='lat' dir='ltr'><strong>et</strong></span> <span class='ocrx_word' id='word_1_456' title='bbox 441 3442 589 3514; x_wconf 82' lang='lat' dir='ltr'><strong>Pomptino</strong></span> <span class='ocrx_word' id='word_1_457' title='bbox 607 3482 636 3497; x_wconf 91' lang='lat'><strong>..</strong></span> <span class='ocrx_word' id='word_1_458' title='bbox 658 3442 740 3523; x_wconf 72' lang='lat' dir='ltr'><strong>dabis</strong></span> <span class='ocrx_word' id='word_1_459' title='bbox 763 3439 812 3517; x_wconf 91' lang='lat' dir='ltr'><strong>(sic</strong></span> <span class='ocrx_word' id='word_1_460' title='bbox 826 3440 911 3517; x_wconf 57' lang='lat' dir='ltr'><strong>Doot,</strong></span> <span class='ocrx_word' id='word_1_461' title='bbox 927 3439 1024 3517; x_wconf 64' lang='lat' dir='ltr'><strong>coni).</strong></span> <span class='ocrx_word' id='word_1_462' title='bbox 1069 3441 1103 3496; x_wconf 91' lang='lat' dir='ltr'><strong>Ut</strong></span> <span class='ocrx_word' id='word_1_463' title='bbox 1125 3442 1175 3498; x_wconf 88' lang='lat' dir='ltr'><strong>alia</strong></span> <span class='ocrx_word' id='word_1_464' title='bbox 1195 3443 1329 3514; x_wconf 88' lang='lat' dir='ltr'><strong>omittam,</strong></span> 
     </span>
     <span class='ocr_line' id='line_1_38' title="bbox 164 3525 1327 3604; baseline -0.006 -18"><span class='ocrx_word' id='word_1_465' title='bbox 164 3547 212 3586; x_wconf 90' lang='lat' dir='ltr'><strong>cnr</strong></span> <span class='ocrx_word' id='word_1_466' title='bbox 227 3528 321 3582; x_wconf 83' lang='lat' dir='ltr'><strong>Cicero</strong></span> <span class='ocrx_word' id='word_1_467' title='bbox 336 3527 363 3581; x_wconf 90' lang='lat' dir='ltr'><strong>in</strong></span> <span class='ocrx_word' id='word_1_468' title='bbox 379 3528 447 3583; x_wconf 90' lang='lat' dir='ltr'><strong>hanc</strong></span> <span class='ocrx_word' id='word_1_469' title='bbox 460 3528 621 3583; x_wconf 85' lang='lat' dir='ltr'><strong>sententiam</strong></span> <span class='ocrx_word' id='word_1_470' title='bbox 637 3543 691 3583; x_wconf 91' lang='lat' dir='ltr'><strong>non</strong></span> <span class='ocrx_word' id='word_1_471' title='bbox 707 3526 864 3600; x_wconf 85' lang='lat' dir='ltr'><strong>simpliciter</strong></span> <span class='ocrx_word' id='word_1_472' title='bbox 885 3529 924 3584; x_wconf 88' lang='lat' dir='ltr'><strong>sic</strong></span> <span class='ocrx_word' id='word_1_473' title='bbox 939 3525 1084 3583; x_wconf 88' lang='lat' dir='ltr'><strong>scriberet:</strong></span> <span class='ocrx_word' id='word_1_474' title='bbox 1105 3526 1165 3604; x_wconf 82' lang='lat' dir='ltr'><strong>„De</strong></span> <span class='ocrx_word' id='word_1_475' title='bbox 1179 3526 1247 3582; x_wconf 89' lang='lat' dir='ltr'><strong>actis</strong></span> <span class='ocrx_word' id='word_1_476' title='bbox 1262 3532 1290 3580; x_wconf 91' lang='lat' dir='ltr'><strong>et</strong></span> <span class='ocrx_word' id='word_1_477' title='bbox 1305 3541 1327 3580; x_wconf 89' lang='lat' dir='ltr'><strong>r.</strong></span> 
     </span>
     <span class='ocr_line' id='line_1_39' title="bbox 164 3607 1328 3689; baseline -0.001 -22"><span class='ocrx_word' id='word_1_478' title='bbox 164 3614 207 3670; x_wconf 84' lang='lat' dir='ltr'><strong>vel</strong></span> <span class='ocrx_word' id='word_1_479' title='bbox 222 3613 313 3682; x_wconf 89' lang='lat' dir='ltr'><strong>etiam,</strong></span> <span class='ocrx_word' id='word_1_480' title='bbox 328 3611 351 3665; x_wconf 92' lang='lat' dir='ltr'><strong>si</strong></span> <span class='ocrx_word' id='word_1_481' title='bbox 367 3654 374 3667; x_wconf 89' lang='lat'>.</span> <span class='ocrx_word' id='word_1_482' title='bbox 392 3657 399 3672; x_wconf 83' lang='lat'>‚</span> <span class='ocrx_word' id='word_1_483' title='bbox 414 3609 456 3681; x_wconf 69' lang='lat' dir='ltr'><strong>C,</strong></span> <span class='ocrx_word' id='word_1_484' title='bbox 471 3618 538 3668; x_wconf 84' lang='lat' dir='ltr'><strong>taes</strong></span> <span class='ocrx_word' id='word_1_485' title='bbox 553 3607 605 3689; x_wconf 83' lang='lat' dir='ltr'><strong>(rel</strong></span> <span class='ocrx_word' id='word_1_486' title='bbox 620 3630 638 3667; x_wconf 90' lang='lat' dir='ltr'><strong>a</strong></span> <span class='ocrx_word' id='word_1_487' title='bbox 654 3607 691 3683; x_wconf 77' lang='lat' dir='ltr'><strong>tel</strong></span> <span class='ocrx_word' id='word_1_488' title='bbox 707 3628 790 3683; x_wconf 83' lang='lat' dir='ltr'><strong>exsp.</strong></span> <span class='ocrx_word' id='word_1_489' title='bbox 805 3614 936 3668; x_wconf 80' lang='lat' dir='ltr'><strong>litteras.-</strong></span> <span class='ocrx_word' id='word_1_490' title='bbox 953 3627 1004 3667; x_wconf 88' lang='lat' dir='ltr'><strong>eas</strong></span> <span class='ocrx_word' id='word_1_491' title='bbox 1018 3619 1046 3668; x_wconf 92' lang='lat' dir='ltr'><strong>et</strong></span> <span class='ocrx_word' id='word_1_492' title='bbox 1061 3610 1119 3667; x_wconf 88' lang='lat' dir='ltr'><strong>allis</strong></span> <span class='ocrx_word' id='word_1_493' title='bbox 1134 3618 1163 3667; x_wconf 89' lang='lat' dir='ltr'><strong>et</strong></span> <span class='ocrx_word' id='word_1_494' title='bbox 1177 3611 1196 3665; x_wconf 90' lang='lat' dir='ltr'>P</span> <span class='ocrx_word' id='word_1_495' title='bbox 1213 3654 1219 3667; x_wconf 92' lang='lat'><strong><em>.</em></strong></span> <span class='ocrx_word' id='word_1_496' title='bbox 1238 3652 1245 3667; x_wconf 88' lang='lat'><strong>.</strong></span> <span class='ocrx_word' id='word_1_497' title='bbox 1260 3607 1328 3666; x_wconf 76' lang='lat' dir='ltr'><strong>d.“?</strong></span> 
     </span>
     <span class='ocr_line' id='line_1_40' title="bbox 164 3692 1365 3772; baseline -0.002 -18"><span class='ocrx_word' id='word_1_498' title='bbox 164 3698 236 3772; x_wconf 77' lang='lat' dir='ltr'><strong>Ego:</strong></span> <span class='ocrx_word' id='word_1_499' title='bbox 257 3698 398 3753; x_wconf 80' lang='lat' dir='ltr'><strong>ducentas</strong></span> <span class='ocrx_word' id='word_1_500' title='bbox 412 3727 454 3738; x_wconf 50' lang='grc' dir='ltr'><strong>-ν</strong></span> <span class='ocrx_word' id='word_1_501' title='bbox 469 3701 523 3752; x_wconf 85' lang='lat' dir='ltr'><strong>etsi</strong></span> <span class='ocrx_word' id='word_1_502' title='bbox 537 3735 544 3748; x_wconf 92' lang='lat'><strong>.</strong></span> <span class='ocrx_word' id='word_1_503' title='bbox 561 3743 569 3756; x_wconf 91' lang='lat'><strong><em>.</em></strong></span> <span class='ocrx_word' id='word_1_504' title='bbox 585 3699 729 3771; x_wconf 70' lang='lat' dir='ltr'><strong>siqaificat</strong></span> <span class='ocrx_word' id='word_1_505' title='bbox 745 3726 796 3766; x_wconf 89' lang='lat'><strong>-,</strong></span> <span class='ocrx_word' id='word_1_506' title='bbox 817 3698 883 3751; x_wconf 86' lang='lat' dir='ltr'><strong>dum</strong></span> <span class='ocrx_word' id='word_1_507' title='bbox 899 3695 936 3767; x_wconf 78' lang='lat' dir='ltr'><strong>(oz</strong></span> <span class='ocrx_word' id='word_1_508' title='bbox 953 3692 1110 3772; x_wconf 82' lang='lat' dir='ltr'><strong>dummodo)</strong></span> <span class='ocrx_word' id='word_1_509' title='bbox 1132 3716 1161 3754; x_wconf 88' lang='lat' dir='ltr'><strong>a.</strong></span> <span class='ocrx_word' id='word_1_510' title='bbox 1177 3703 1205 3754; x_wconf 84' lang='lat' dir='ltr'><strong>et</strong></span> <span class='ocrx_word' id='word_1_511' title='bbox 1219 3715 1245 3754; x_wconf 86' lang='lat' dir='ltr'><strong>r.</strong></span> <span class='ocrx_word' id='word_1_512' title='bbox 1258 3711 1329 3769; x_wconf 83' lang='lat' dir='ltr'><strong>per·</strong></span> <span class='ocrx_word' id='word_1_513' title='bbox 1360 3727 1365 3734; x_wconf 86' lang='lat'><strong>·</strong></span> 
     </span>
     <span class='ocr_line' id='line_1_41' title="bbox 165 3776 1330 3856; baseline -0.002 -16"><span class='ocrx_word' id='word_1_514' title='bbox 165 3783 294 3840; x_wconf 84' lang='lat' dir='ltr'><strong>scribere</strong></span> <span class='ocrx_word' id='word_1_515' title='bbox 309 3782 378 3837; x_wconf 81' lang='lat' dir='ltr'><strong>cells</strong></span> <span class='ocrx_word' id='word_1_516' title='bbox 400 3776 449 3854; x_wconf 88' lang='lat' dir='ltr'><strong>(sic</strong></span> <span class='ocrx_word' id='word_1_517' title='bbox 464 3782 543 3855; x_wconf 79' lang='lat' dir='ltr'><strong>etiarn</strong></span> <span class='ocrx_word' id='word_1_518' title='bbox 559 3779 652 3851; x_wconf 77' lang='lat' dir='ltr'><strong>Gran,</strong></span> <span class='ocrx_word' id='word_1_519' title='bbox 676 3780 723 3837; x_wconf 88' lang='lat' dir='ltr'><strong>sed</strong></span> <span class='ocrx_word' id='word_1_520' title='bbox 739 3782 762 3837; x_wconf 91' lang='lat' dir='ltr'><strong>is</strong></span> <span class='ocrx_word' id='word_1_521' title='bbox 778 3782 835 3837; x_wconf 86' lang='lat' dir='ltr'><strong>sine</strong></span> <span class='ocrx_word' id='word_1_522' title='bbox 846 3781 1068 3853; x_wconf 83' lang='lat' dir='ltr'><strong>perscribeRE,</strong></span> <span class='ocrx_word' id='word_1_523' title='bbox 1090 3782 1163 3856; x_wconf 85' lang='lat' dir='ltr'><strong>quod</strong></span> <span class='ocrx_word' id='word_1_524' title='bbox 1179 3783 1272 3839; x_wconf 90' lang='lat' dir='ltr'><strong>andire</strong></span> <span class='ocrx_word' id='word_1_525' title='bbox 1288 3783 1330 3838; x_wconf 80' lang='lat' dir='ltr'><strong>vix</strong></span> 
     </span>
     <span class='ocr_line' id='line_1_42' title="bbox 166 3863 1330 3943; baseline 0.002 -20"><span class='ocrx_word' id='word_1_526' title='bbox 166 3868 239 3938; x_wconf 90' lang='lat' dir='ltr'><strong>licet,</strong></span> <span class='ocrx_word' id='word_1_527' title='bbox 270 3863 316 3921; x_wconf 90' lang='lat' dir='ltr'><strong>sed</strong></span> <span class='ocrx_word' id='word_1_528' title='bbox 339 3866 577 3938; x_wconf 69' lang='lat' dir='ltr'><strong>postramanuu</strong></span> <span class='ocrx_word' id='word_1_529' title='bbox 597 3865 719 3921; x_wconf 88' lang='lat' dir='ltr'><strong>excidere</strong></span> <span class='ocrx_word' id='word_1_530' title='bbox 740 3865 817 3923; x_wconf 82' lang='lat' dir='ltr'><strong>tacite</strong></span> <span class='ocrx_word' id='word_1_531' title='bbox 837 3863 952 3942; x_wconf 68' lang='lat' dir='ltr'><strong>potabit</strong></span> <span class='ocrx_word' id='word_1_532' title='bbox 973 3873 1001 3924; x_wconf 83' lang='lat' dir='ltr'><strong>et</strong></span> <span class='ocrx_word' id='word_1_533' title='bbox 1022 3871 1090 3939; x_wconf 80' lang='lat' dir='ltr'><strong>lam,</strong></span> <span class='ocrx_word' id='word_1_534' title='bbox 1113 3873 1139 3925; x_wconf 85' lang='lat' dir='ltr'><strong>si</strong></span> <span class='ocrx_word' id='word_1_535' title='bbox 1159 3864 1253 3943; x_wconf 85' lang='lat' dir='ltr'><strong>(vellet</strong></span> <span class='ocrx_word' id='word_1_536' title='bbox 1272 3871 1330 3925; x_wconf 82' lang='lat' dir='ltr'><strong>iam</strong></span> 
     </span>
     <span class='ocr_line' id='line_1_43' title="bbox 164 3946 1330 4027; baseline 0 -19"><span class='ocrx_word' id='word_1_537' title='bbox 164 3948 278 4025; x_wconf 82' lang='lat' dir='ltr'><strong>bihlacl)</strong></span> <span class='ocrx_word' id='word_1_538' title='bbox 300 3967 358 4024; x_wconf 83' lang='lat' dir='ltr'><strong>qaa</strong></span> <span class='ocrx_word' id='word_1_539' title='bbox 384 3948 415 4025; x_wconf 81' lang='lat' dir='ltr'><strong>(A</strong></span> <span class='ocrx_word' id='word_1_540' title='bbox 431 3948 492 4005; x_wconf 72' lang='lat' dir='ltr'><strong>eth*</strong></span> <span class='ocrx_word' id='word_1_541' title='bbox 514 3950 629 4006; x_wconf 88' lang='lat' dir='ltr'><strong>lortasse</strong></span> <span class='ocrx_word' id='word_1_542' title='bbox 650 3965 712 4007; x_wconf 88' lang='lat' dir='ltr'><strong>vere</strong></span> <span class='ocrx_word' id='word_1_543' title='bbox 733 3954 760 4007; x_wconf 83' lang='lat' dir='ltr'><strong>si</strong></span> <span class='ocrx_word' id='word_1_544' title='bbox 778 3946 863 4025; x_wconf 85' lang='lat' dir='ltr'><strong>qaae)</strong></span> <span class='ocrx_word' id='word_1_545' title='bbox 883 3993 889 4007; x_wconf 91' lang='lat'><strong>.</strong></span> <span class='ocrx_word' id='word_1_546' title='bbox 906 3995 914 4009; x_wconf 88' lang='lat'><strong>.</strong></span> <span class='ocrx_word' id='word_1_547' title='bbox 930 3950 971 4023; x_wconf 74' lang='lat' dir='ltr'><strong>a,</strong></span> <span class='ocrx_word' id='word_1_548' title='bbox 992 3969 1017 4012; x_wconf 88' lang='lat' dir='ltr'><strong>e.</strong></span> <span class='ocrx_word' id='word_1_549' title='bbox 1033 3953 1064 4026; x_wconf 85' lang='lat' dir='ltr'><strong>h,</strong></span> <span class='ocrx_word' id='word_1_550' title='bbox 1085 3961 1113 4009; x_wconf 91' lang='lat' dir='ltr'><strong>et</strong></span> <span class='ocrx_word' id='word_1_551' title='bbox 1134 3955 1211 4010; x_wconf 80' lang='lat' dir='ltr'><strong>allas</strong></span> <span class='ocrx_word' id='word_1_552' title='bbox 1227 3954 1258 4010; x_wconf 89' lang='lat' dir='ltr'><strong>P.</strong></span> <span class='ocrx_word' id='word_1_553' title='bbox 1281 3949 1330 4027; x_wconf 82' lang='lat' dir='ltr'><strong>(slc</strong></span> 
     </span>
     <span class='ocr_line' id='line_1_44' title="bbox 163 4031 1328 4115; baseline 0.001 -22"><span class='ocrx_word' id='word_1_554' title='bbox 163 4032 277 4114; x_wconf 85' lang='lat' dir='ltr'><strong>hlhlacl)</strong></span> <span class='ocrx_word' id='word_1_555' title='bbox 295 4078 301 4090; x_wconf 92' lang='lat'><em>.</em></span> <span class='ocrx_word' id='word_1_556' title='bbox 319 4074 326 4089; x_wconf 91' lang='lat'><strong>.</strong></span> <span class='ocrx_word' id='word_1_557' title='bbox 342 4034 370 4096; x_wconf 89' lang='lat' dir='ltr'><strong>d.</strong></span> <span class='ocrx_word' id='word_1_558' title='bbox 415 4035 496 4091; x_wconf 87' lang='lat' dir='ltr'><strong>Recte</strong></span> <span class='ocrx_word' id='word_1_559' title='bbox 515 4036 587 4092; x_wconf 88' lang='lat' dir='ltr'><strong>inter</strong></span> <span class='ocrx_word' id='word_1_560' title='bbox 601 4051 631 4091; x_wconf 93' lang='lat' dir='ltr'><strong>se</strong></span> <span class='ocrx_word' id='word_1_561' title='bbox 646 4034 812 4109; x_wconf 88' lang='lat' dir='ltr'><strong>respondent</strong></span> <span class='ocrx_word' id='word_1_562' title='bbox 827 4042 854 4091; x_wconf 86' lang='lat' dir='ltr'><strong>et</strong></span> <span class='ocrx_word' id='word_1_563' title='bbox 870 4031 993 4115; x_wconf 70' lang='lat' dir='ltr'><strong>(lomobl)</strong></span> <span class='ocrx_word' id='word_1_564' title='bbox 1010 4043 1068 4095; x_wconf 82' lang='lat' dir='ltr'><strong>lam</strong></span> <span class='ocrx_word' id='word_1_565' title='bbox 1084 4033 1123 4112; x_wconf 75' lang='lat' dir='ltr'><strong>lo:</strong></span> <span class='ocrx_word' id='word_1_566' title='bbox 1139 4056 1212 4095; x_wconf 92' lang='lat' dir='ltr'><strong>nunc</strong></span> <span class='ocrx_word' id='word_1_567' title='bbox 1227 4034 1328 4115; x_wconf 86' lang='lat' dir='ltr'><strong>stallm)</strong></span> 
     </span>
     <span class='ocr_line' id='line_1_45' title="bbox 147 4114 1327 4202; baseline 0.001 -24"><span class='ocrx_word' id='word_1_568' title='bbox 147 4139 187 4178; x_wconf 38' lang='lat' dir='ltr'><strong>fe.</strong></span> <span class='ocrx_word' id='word_1_569' title='bbox 202 4125 319 4178; x_wconf 81' lang='lat' dir='ltr'><strong>litteras</strong></span> <span class='ocrx_word' id='word_1_570' title='bbox 334 4114 499 4193; x_wconf 81' lang='lat' dir='ltr'><strong>(breviores)</strong></span> <span class='ocrx_word' id='word_1_571' title='bbox 523 4129 551 4176; x_wconf 90' lang='lat' dir='ltr'><strong>ct</strong></span> <span class='ocrx_word' id='word_1_572' title='bbox 572 4123 669 4192; x_wconf 83' lang='lat' dir='ltr'><strong>„olias</strong></span> <span class='ocrx_word' id='word_1_573' title='bbox 684 4121 842 4192; x_wconf 77' lang='lat' dir='ltr'><strong>Pomptino</strong></span> <span class='ocrx_word' id='word_1_574' title='bbox 858 4116 915 4197; x_wconf 90' lang='lat' dir='ltr'><strong>(qui</strong></span> <span class='ocrx_word' id='word_1_575' title='bbox 936 4130 1002 4196; x_wconf 90' lang='lat' dir='ltr'><strong>post</strong></span> <span class='ocrx_word' id='word_1_576' title='bbox 1023 4122 1056 4180; x_wconf 87' lang='lat' dir='ltr'><strong>ad</strong></span> <span class='ocrx_word' id='word_1_577' title='bbox 1071 4141 1115 4180; x_wconf 89' lang='lat' dir='ltr'><strong>me</strong></span> <span class='ocrx_word' id='word_1_578' title='bbox 1130 4131 1259 4179; x_wconf 90' lang='lat' dir='ltr'><strong>venturus</strong></span> <span class='ocrx_word' id='word_1_579' title='bbox 1276 4121 1327 4202; x_wconf 82' lang='lat' dir='ltr'><strong>est)</strong></span> 
     </span>
     <span class='ocr_line' id='line_1_46' title="bbox 163 4199 1328 4286; baseline 0.003 -23"><span class='ocrx_word' id='word_1_580' title='bbox 163 4209 190 4263; x_wconf 84' lang='lat' dir='ltr'><strong>d.</strong></span> <span class='ocrx_word' id='word_1_581' title='bbox 208 4224 234 4263; x_wconf 91' lang='lat' dir='ltr'><strong>o.</strong></span> <span class='ocrx_word' id='word_1_582' title='bbox 250 4223 277 4262; x_wconf 91' lang='lat' dir='ltr'><strong>r.</strong></span> <span class='ocrx_word' id='word_1_583' title='bbox 292 4206 442 4277; x_wconf 78' lang='lat' dir='ltr'><strong>dilipeates</strong></span> <span class='ocrx_word' id='word_1_584' title='bbox 458 4199 502 4279; x_wconf 79' lang='lat'><strong>(03</strong></span> <span class='ocrx_word' id='word_1_585' title='bbox 518 4204 664 4280; x_wconf 81' lang='lat' dir='ltr'><strong>diligenter</strong></span> <span class='ocrx_word' id='word_1_586' title='bbox 678 4205 804 4279; x_wconf 89' lang='lat' dir='ltr'><strong>scriptas,</strong></span> <span class='ocrx_word' id='word_1_587' title='bbox 825 4205 879 4281; x_wconf 89' lang='lat' dir='ltr'><strong>vel,</strong></span> <span class='ocrx_word' id='word_1_588' title='bbox 900 4217 931 4266; x_wconf 88' lang='lat' dir='ltr'><strong>ut</strong></span> <span class='ocrx_word' id='word_1_589' title='bbox 952 4209 1035 4286; x_wconf 78' lang='lat' dir='ltr'><strong>vulgo</strong></span> <span class='ocrx_word' id='word_1_590' title='bbox 1058 4224 1091 4265; x_wconf 85' lang='lat' dir='ltr'><strong>ex</strong></span> <span class='ocrx_word' id='word_1_591' title='bbox 1105 4208 1169 4264; x_wconf 83' lang='lat' dir='ltr'><strong>Dru.</strong></span> <span class='ocrx_word' id='word_1_592' title='bbox 1186 4207 1270 4282; x_wconf 68' lang='lat' dir='ltr'><strong>coni,</strong></span> <span class='ocrx_word' id='word_1_593' title='bbox 1285 4211 1328 4268; x_wconf 79' lang='lat' dir='ltr'><strong>di-</strong></span> 
     </span>
     <span class='ocr_line' id='line_1_47' title="bbox 162 4287 516 4367; baseline -0.011 -17"><span class='ocrx_word' id='word_1_594' title='bbox 162 4294 297 4367; x_wconf 69' lang='lat' dir='ltr'><strong>llpeater,</strong></span> <span class='ocrx_word' id='word_1_595' title='bbox 317 4287 352 4346; x_wconf 90' lang='lat' dir='ltr'><strong>cl.</strong></span> <span class='ocrx_word' id='word_1_596' title='bbox 375 4289 403 4360; x_wconf 89' lang='grc'><strong>9,</strong></span> <span class='ocrx_word' id='word_1_597' title='bbox 421 4288 451 4362; x_wconf 80' lang='lat'><strong>2)</strong></span> <span class='ocrx_word' id='word_1_598' title='bbox 465 4288 516 4347; x_wconf 89' lang='lat' dir='ltr'><strong>d.“</strong></span> 
     </span>
    </p>

    <p class='ocr_par' dir='ltr' id='par_1_6' title="bbox 245 4372 1329 4454">
     <span class='ocr_line' id='line_1_48' title="bbox 245 4372 1329 4454; baseline 0.006 -23"><span class='ocrx_word' id='word_1_599' title='bbox 245 4376 309 4445; x_wconf 71' lang='lat' dir='ltr'><strong>Ep.</strong></span> <span class='ocrx_word' id='word_1_600' title='bbox 329 4377 362 4433; x_wconf 88' lang='lat' dir='ltr'><strong>e.</strong></span> <span class='ocrx_word' id='word_1_601' title='bbox 382 4378 412 4432; x_wconf 88' lang='lat'><strong>2.</strong></span> <span class='ocrx_word' id='word_1_602' title='bbox 456 4373 489 4429; x_wconf 91' lang='lat' dir='ltr'><strong>D:</strong></span> <span class='ocrx_word' id='word_1_603' title='bbox 511 4372 593 4432; x_wconf 86' lang='lat' dir='ltr'><strong>Illud</strong></span> <span class='ocrx_word' id='word_1_604' title='bbox 611 4381 705 4433; x_wconf 85' lang='lat' dir='ltr'><strong>tamea</strong></span> <span class='ocrx_word' id='word_1_605' title='bbox 725 4391 782 4431; x_wconf 88' lang='lat' dir='ltr'><strong>aon</strong></span> <span class='ocrx_word' id='word_1_606' title='bbox 797 4377 938 4454; x_wconf 79' lang='lat' dir='ltr'><strong>desinam,</strong></span> <span class='ocrx_word' id='word_1_607' title='bbox 959 4379 1025 4441; x_wconf 80' lang='lat' dir='ltr'><strong>dara</strong></span> <span class='ocrx_word' id='word_1_608' title='bbox 1046 4380 1148 4437; x_wconf 83' lang='lat' dir='ltr'><strong>adesse</strong></span> <span class='ocrx_word' id='word_1_609' title='bbox 1158 4379 1279 4453; x_wconf 80' lang='lat' dir='ltr'><strong>putabo,</strong></span> <span class='ocrx_word' id='word_1_610' title='bbox 1301 4387 1329 4439; x_wconf 86' lang='lat' dir='ltr'><strong>te</strong></span> 
     </span>
    </p>
   </div>
   <div class='ocr_carea' id='block_1_5' title="bbox 0 0 1636 5106">
    <p class='ocr_par' dir='ltr' id='par_1_7' title="bbox 0 0 1636 5106">
     <span class='ocr_line' id='line_1_49' title="bbox 0 0 1636 5106; baseline 0 5"><span class='ocrx_word' id='word_1_611' title='bbox 0 0 1636 5106; x_wconf 95' lang='lat' dir='ltr'><strong> </strong></span> 
     </span>
    </p>
   </div>
  </div>
 </body>
</html>
