3262 5106
241 339 377 405 ,Epistola
395 341 427 409 Q.
447 341 587 392 Ciceronis
605 343 638 392 ds
657 342 793 406 petitione
812 341 982 393 Consulatus
1000 341 1034 391 ed
1056 342 1090 390 Μ.
1111 342 1243 395 Fratrum.
1293 339 1333 403 81

168 497 285 553 tortasse
307 496 375 552 latet
398 496 464 557 illud
487 498 574 570 ipsum
605 495 737 557 VrecM
756 495 821 572 (uin
842 527 884 539 --
906 503 992 568 inun,
1016 516 1060 554 om
1081 529 1123 538 -—
1144 496 1224 570 oin),
1253 498 1336 571 aptis·

167 583 289 655 simeque
312 598 392 637 suurn
416 585 525 654 utrique
550 581 631 637 veros
652 583 813 638 adiectivum
836 582 955 638 additum
971 591 1044 639 esset
1067 582 1135 652 (lue.
1153 587 1254 654 uiuum,
1277 586 1336 653 spi·

168 669 249 723 ronti
269 664 355 739 seed,
383 668 454 722 sicut
475 683 525 739 pro
547 666 601 722 iiii.
624 667 642 721 i.
666 684 689 722 c.
717 697 759 706 -
788 668 857 724 inira
883 668 981 742 vulgo:
1011 676 1078 722 ante
1107 670 1125 722 i.
1155 670 1172 722 i.
1198 666 1334 739 fuerunt.

166 749 298 821 Quintus,
322 757 407 824 puto,
429 752 539 824 scripsit
557 751 700 824 fuerunt,
728 752 842 809 relatum
870 752 903 807 ad
926 752 1100 825 praeteritum
1128 751 1195 806 iilud
1218 759 1335 825 tempus,
1391 791 1396 800 .

165 837 306 905 discessit,
330 848 384 890 uon
403 835 527 907 fuerunt
549 834 777 912 (pernicissimi),
800 837 833 892 ad
856 854 985 910 praesens
1008 844 1065 892 turn
1082 844 1187 908 tempus
1210 836 1334 892 relatum.

251 923 281 987 5,
307 923 356 977 l'l.
403 919 545 993 turgum
569 919 638 976 nrt:
662 923 869 978 elaborandum
891 929 951 992 est,
981 930 1039 979 tum
1062 928 1101 978 ut.
1146 918 1204 993 Ego
1227 929 1284 976 lum
1308 922 1335 975 in

167 1003 280 1060 Palerrni
300 1004 373 1073 cdd,
396 1005 441 1075 T,
464 1004 506 1060 ed.
530 1006 635 1061 Bonon.
657 1007 787 1061 omissum
811 1007 887 1062 uncis
908 1006 1018 1077 inclusi,
1041 1005 1133 1060 delere
1156 1003 1253 1071 debui,
1276 1021 1337 1060 nam

166 1096 268 1163 perui
291 1091 443 1146 tribules.
468 1132 475 1144 .
499 1094 577 1147 servi
599 1095 641 1146 tui
661 1092 813 1151 enumerari
836 1091 915 1161 illos,
937 1091 971 1146 de
993 1089 1091 1163 quibus
1113 1105 1196 1163 supra
1219 1099 1261 1144 est
1284 1097 1337 1161 „ul

167 1175 281 1247 quisque
306 1214 312 1227 .
339 1216 346 1229 .
369 1173 574 1244 domesticus“,
603 1192 656 1230 nou
684 1175 753 1244 alios
781 1184 889 1249 praeter
917 1192 964 1231 eos
992 1191 1041 1248 per
1069 1182 1127 1230 tum
1158 1172 1256 1247 toccu,
1285 1172 1336 1248 let:

167 1257 230 1329 net)
253 1258 379 1333 adiungi,
409 1259 485 1315 facile
514 1276 546 1314 ea
574 1259 592 1330 8
617 1260 656 1316 16
679 1252 856 1334 intelligitur,
886 1259 930 1315 ulli
953 1260 987 1314 de
1009 1260 1173 1333 „oognatis,
1201 1256 1335 1329 silicibus,

166 1342 314 1412 sodalibus,
338 1345 448 1399 omnino
472 1343 661 1414 necessariis“,
692 1359 721 1398 a:
745 1343 778 1400 de
795 1346 897 1415 amicis,
920 1346 966 1418 qui
988 1345 1097 1418 proprie
1121 1352 1262 1415 vocantur,
1286 1346 1336 1399 iam

168 1429 231 1483 satis
254 1426 355 1483 dictum
379 1437 436 1497 est3
459 1429 476 1500 S
503 1429 539 1485 lt
564 1445 611 1502 per
633 1429 745 1486 Deinde
769 1431 899 1485 transitur
921 1428 954 1484 ud
976 1437 1095 1500 ceteros,
1124 1429 1170 1501 qui
1193 1428 1269 1499 „late
1293 1447 1337 1501 pa·

170 1512 235 1567 tenti
258 1513 285 1567 iu
309 1512 425 1586 petendo
448 1515 593 1570 amicorum
616 1511 751 1569 nomine“
775 1515 966 1585 continentur,
994 1530 1110 1587 quorum
1140 1521 1191 1583 „ut
1221 1516 1338 1587 quisque

167 1604 209 1651 est
238 1597 348 1653 intimus
376 1615 406 1653 oc
433 1599 545 1653 maxime
577 1598 777 1655 domesticus“
816 1594 858 1669 (οε
892 1600 1049 1673 saepissime
1083 1597 1220 1669 „domum
1254 1598 1338 1653 venti·

169 1679 267 1754 tat“),
296 1683 332 1736 ita
355 1683 468 1737 maxime
491 1682 705 1754 „elaborandum
728 1689 783 1751 est,
815 1692 844 1738 ut
869 1686 890 1738 is
914 1681 1175 1755 amet·..cupiat“:
1206 1684 1252 1756 qui
1278 1682 1339 1755 qui·

168 1782 227 1820 narn
257 1767 328 1836 siut,
350 1767 446 1822 deiude
469 1783 517 1839 per
541 1776 598 1838 „ut
622 1776 656 1823 tr.
679 1809 686 1822 .
710 1807 717 1822 .
738 1769 809 1824 servi
834 1766 880 1824 t.“
909 1769 945 1823 ita
974 1767 1137 1841 explicatur,
1167 1775 1197 1822 ut
1225 1767 1338 1841 proximi

168 1851 270 1923 quique
295 1853 424 1923 postremi
447 1853 529 1925 positi
551 1854 615 1909 sint.
660 1853 819 1908 Perversum
843 1851 910 1909 iliud
933 1861 990 1908 lum
1013 1851 1076 1923 (tu),
1099 1853 1259 1924 praesertim
1275 1859 1339 1925 post

167 1935 287 2004 Deinde,
311 1952 346 1991 es
369 1932 429 1992 esT
450 1936 483 1992 Vt
506 1937 563 1997 lieri
586 1937 713 1993 facillime
728 1939 827 2010 potuit.
850 1967 893 1978 -
916 1941 966 1994 18.
988 1935 1032 1991 Β.;
1057 1944 1108 1993 cut
1130 1932 1179 2009 [ul
1194 1924 1339 2009 doleant]

168 2025 296 2090 sperent.
333 2019 393 2094 Ego
415 2029 447 2077 ul
469 2022 497 2077 lr.
523 2030 611 2077 totum
633 2021 730 2092 delevi,
755 2030 785 2076 ut
806 2023 833 2078 in
856 2020 929 2078 arch.
946 2021 989 2079 cd.
1004 2038 1038 2076 ex
1052 2020 1132 2077 ulli*
1145 2019 1341 2076 ΗΑΒΕΑΝΤ

169 2112 233 2176 post
260 2104 340 2162 atr
365 2103 514 2161 aberrando
544 2108 708 2180 repetitum;
736 2106 862 2178 ludere,
891 2105 965 2180 quod
994 2106 1036 2160 cd.
1065 2105 1146 2160 Turn.
1176 2122 1227 2177 pro
1256 2111 1286 2159 ut
1309 2106 1337 2160 Ιι.

170 2187 296 2244 habuisse
320 2189 444 2261 traditur,
467 2191 668 2263 imperitissimo
692 2192 770 2247 alicui
792 2192 941 2246 correctori
964 2189 1089 2245 debetur.

252 2277 284 2331 6.
305 2278 357 2331 26.
403 2272 504 2349 Vulgo:
527 2278 583 2332 nisi
604 2279 713 2349 aliquo.
760 2274 885 2333 Fortasse
908 2273 1078 2331 scribendum
1106 2282 1148 2329 est
1170 2288 1203 2329 er
1225 2273 1338 2331 Palermi

136 2393 141 2403 ι
169 2352 265 2415 codd:
294 2363 350 2416 nisi
371 2363 397 2416 si
417 2378 445 2415 u.
469 2367 517 2416 aut
537 2363 630 2434 potius
652 2363 708 2416 nisi
729 2365 755 2416 si
776 2364 826 2433 qui
848 2355 949 2434 coici.
974 2359 1029 2430 13,
1052 2356 1097 2414 ubi
1121 2375 1153 2414 es
1177 2356 1247 2430 liri,
1270 2357 1338 2432 eal,

170 2443 264 2515 lianc,
286 2443 317 2499 L.
342 2452 384 2500 est
406 2447 462 2501 uisi
482 2449 508 2501 si
529 2450 588 2518 qui,
612 2445 678 2501 dett.
704 2464 731 2502 n.
755 2449 814 2518 qui,
837 2452 864 2501 et
887 2461 949 2501 anu.
974 2443 1006 2499 ad
1029 2443 1079 2518 48)
1103 2443 1144 2499 vel
1167 2447 1223 2500 nisi
1244 2448 1302 2517 qui.
1389 2472 1391 2477 ·

253 2531 283 2585 8.
306 2532 357 2585 83.
401 2528 453 2584 Pro
483 2529 568 2601 „lum
594 2533 716 2603 equitum
738 2528 785 2585 c.“
809 2531 904 2604 scripsi
927 2530 1002 2586 Num
1029 2546 1053 2586 e.
1078 2546 1121 2589 c.:
1149 2545 1238 2604 neque
1267 2530 1339 2584 enim

169 2614 197 2675 in
220 2613 403 2670 enumerando
427 2616 599 2691 proceditur,
628 2615 676 2673 sed
698 2617 786 2689 ipsum
810 2614 876 2670 illud
899 2617 986 2671 multo
1006 2614 1129 2685 facilius
1151 2612 1269 2669 declarat
1290 2629 1340 2686 per

170 2715 236 2754 num
259 2697 321 2753 addi
343 2700 419 2770 quasi
447 2701 474 2754 in
496 2699 695 2772 praetereundo
719 2716 836 2770 causam,
859 2716 908 2755 cur
931 2699 1024 2769 irater,
1048 2714 1153 2771 „quum
1170 2739 1203 2754 ..
1225 2697 1337 2770 cupidos

170 2784 211 2837 sui
238 2783 429 2852 constituerit,
459 2784 486 2838 iu
515 2785 616 2857 optima
644 2800 694 2858 spe
722 2800 783 2842 esse
811 2782 953 2852 debeat‘fl,
983 2782 1112 2838 Similiter
1134 2781 1205 2837 inira
1227 2782 1336 2854 scripsi:

170 2868 299 2939 lubeas,
328 2886 394 2922 num
417 2870 512 2924 studia
537 2872 612 2925 adol.
636 2886 686 2941 pro
709 2870 736 2924 lr.
761 2868 824 2924 lum
847 2874 881 2924 st.
905 2886 948 2924 u.:
977 2866 1092 2936 dicitur,
1116 2882 1164 2921 cur
1187 2865 1339 2938 „singulo-

169 2969 228 3007 rum
251 2950 596 3026 („adolescenluloruro“)
622 2954 743 3008 amicitiis
766 2969 809 3007 eas
833 2951 876 3023 (oz
900 2947 1037 3025 equitum)
1067 2951 1203 3006 centurias
1232 2953 1338 3022 confir-

169 3044 265 3093 matus
286 3036 425 3094 iubeat“.
471 3036 511 3093 Ct.
536 3039 569 3109 7,
594 3036 637 3093 ubi
654 3036 681 3090 l.
705 3046 794 3093 recte:
819 3038 893 3093 Nona
915 3038 947 3093 P.
972 3036 996 3092 G
1017 3078 1023 3090 .
1041 3054 1064 3103 .;
1086 3033 1338 3117 explicaturqenim,

169 3138 217 3177 cur
239 3120 342 3177 dietum
364 3123 414 3176 sit:
438 3138 519 3179 uenio
541 3126 587 3195 sil,
611 3125 661 3196 qui
725 3128 869 3193 oportere.
1335 3166 1343 3179 .

253 3209 283 3262 9.
304 3207 354 3261 85.
399 3207 553 3279 AVdieris,
577 3205 650 3280 quod
674 3207 755 3281 vulgo
779 3215 841 3262 ante
861 3206 964 3278 sucum
986 3207 1098 3280 ponitur
1120 3203 1163 3274 (ex
1178 3204 1237 3261 cod.
1254 3203 1338 3261 Turn.

170 3300 197 3346 ot
218 3290 303 3362 Eri),
333 3292 450 3345 tortasse
472 3308 504 3348 ex
525 3291 609 3348 Palas.
634 3288 661 3347 e't
684 3290 791 3349 ilauric.
814 3299 876 3347 unte
899 3291 975 3346 AVt
1000 3292 1126 3348 senseris
1149 3297 1191 3345 est
1214 3297 1339 3363 transpo-

171 3378 303 3446 nendum,
333 3374 377 3431 ubi
400 3374 525 3432 facillime
548 3378 676 3432 omissum
701 3386 729 3434 et
751 3376 867 3431 fortasse
890 3379 916 3432 in
939 3379 1060 3449 margine
1082 3373 1228 3446 ascriptum
1250 3373 1338 3431 alieno

171 3459 230 3516 loco
253 3459 314 3514 addi
337 3461 442 3532 potuim
471 3462 636 3535 respondent
663 3461 833 3522 cumules
854 3477 884 3516 se
907 3462 974 3516 oud.
997 3466 1049 3517 cut
1071 3473 1146 3514 sens.
1171 3466 1199 3513 el
1221 3460 1339 3515 audisse

171 3553 221 3601 out
243 3547 329 3600 scire.
358 3575 400 3584 -
426 3548 478 3602 38.
502 3545 590 3621 Vulgo
613 3545 738 3615 soioecc:
763 3547 854 3617 affert
871 3590 877 3601 .
895 3587 915 3616 .,
937 3547 985 3600 si.
1004 3586 1010 3600 .
1028 3549 1121 3600 erunt.
1167 3541 1240 3617 Ego:
1263 3545 1339 3616 offe·

170 3638 229 3698 ret;
253 3629 288 3685 ci.
313 3630 331 3701 S
355 3629 373 3686 6
397 3630 533 3701 „muitum
556 3631 631 3704 dign.
649 3632 777 3703 afferent
801 3626 857 3702 (ubi
877 3629 932 3685 Eri.
948 3621 1104 3701 offerrent)
1129 3669 1136 3681 .
1158 3673 1165 3686 .
1189 3627 1226 3701 pl.
1248 3631 1338 3700 prod-

169 3714 284 3771 erunt‘.
328 3713 461 3788 Persuepe
489 3715 618 3771 conlundi
643 3715 739 3787 feret,
765 3716 844 3787 fert,
869 3715 966 3787 ferret
999 3728 1089 3787 nequo
1117 3714 1213 3768 mirum
1242 3723 1284 3769 est
1311 3722 1339 3770 et

170 3801 354 3857 notissimum:
378 3798 405 3854 h.
429 3800 536 3872 quidem
559 3800 577 3855 l.
600 3798 717 3856 aberruri
739 3800 771 3855 sd
787 3800 805 3871 S
821 3798 861 3855 36
885 3799 985 3872 potuit,
1009 3797 1119 3868 ubi„ut
1140 3796 1174 3853 de
1196 3813 1241 3869 eo,
1264 3799 1338 3872 quod

170 3900 275 3958 semper
297 3885 333 3938 ito
357 3880 414 3939 lieri
437 3884 551 3955 (licetur,
575 3892 707 3940 recteest
729 3886 851 3958 „offert
876 3900 999 3957 maguum
1015 3882 1208 3956 dignumn‘,
1230 3883 1266 3939 ci.
1283 3883 1339 3955 §4

170 3977 196 4024 et
221 3968 258 4027 16
282 3975 311 4024 el
331 3967 371 4024 43
392 3971 521 4040 prodest,
546 3969 563 4024 7
587 3971 714 4027 adiuvat.

256 4057 306 4109 11.
328 4056 381 4121 43,
406 4052 450 4108 uhi
473 4054 506 4108 B:
529 4057 627 4127 quood
647 4059 709 4111 eius
723 4050 743 4125 †
756 4058 897 4126 consequi
909 4058 1015 4127 possis,
1038 4069 1106 4127 ego:
1118 4048 1148 4123 ’Τ
1163 4072 1191 4127 q.
1209 4069 1233 4109 e.
1250 4070 1276 4109 c.
1292 4072 1337 4125 p.;

171 4155 230 4194 nam
253 4140 311 4195 sine
334 4136 416 4192 dubio
445 4155 500 4193 non
521 4155 547 4195 c.
567 4156 597 4211 p.
630 4146 789 4211 corruptum
817 4146 876 4209 est,
904 4138 953 4195 scd
982 4140 1079 4214 quood
1107 4141 1178 4194 eius.
1212 4134 1339 4210 Quintus,

170 4232 255 4296 puto,
284 4224 311 4277 in
339 4222 407 4278 hauc
429 4225 590 4279 seutentiam
614 4224 737 4297 scripsit:
766 4223 836 4279 nitu
865 4240 945 4295 esse,
974 4226 1051 4299 quod
1071 4225 1210 4295 consequi
1229 4226 1337 4291 possim

169 4307 255 4364 iuitne
269 4307 369 4380 igitur:
390 4309 434 4363 d.:
449 4310 610 4381 quidesse,
627 4311 705 4381 quod
724 4324 748 4364 e.
762 4325 807 4377 μ,
831 4314 879 4366 si.
898 4355 904 4367 .
921 4312 1073 4383 ropalum?
1094 4306 1187 4365 Beni
1218 4303 1253 4359 ile
1269 4310 1341 4378 quid

170 4398 251 4450 esse?
274 4390 410 4464 (obliquae
433 4394 564 4448 orationis
587 4417 628 4439 =
651 4393 721 4466 quid
742 4396 805 4447 est?
833 4404 923 4451 rectae
946 4395 998 4470 or.)
1029 4391 1079 4447 vid.
1109 4390 1192 4446 iludv.
1223 4389 1241 4460 S
1265 4391 1336 4455 405.

219 4522 404 4571 wesenberg,
423 4533 475 4562 einr.
490 4522 540 4562 erit.
1117 4509 1133 4555 ὓ
