3262 5106
479 368 665 434 epistolarum
683 369 717 421 aa
735 370 866 420 arricum.
901 370 987 421 neser
1003 370 1051 420 1x.
1292 366 1353 431 115
1429 374 1432 379 ’

670 573 780 647 Liber
805 571 869 646 IX.

269 730 331 795 Ep.
356 732 384 788 1.
406 731 438 784 3.
483 726 569 802 Vulgo
592 729 675 785 male:
697 732 844 802 multaque
864 732 895 785 in
917 744 961 784 me
983 735 1011 785 et
1033 743 1143 799 seuere,
1165 732 1195 784 in
1217 732 1354 786 conuiuiis

188 815 358 883 tempestiuis
379 816 501 886 quidem,
523 813 670 886 disputari
676 834 684 882 ;
707 812 800 869 Cicero
823 812 919 869 saltem
940 814 1108 888 scripsisset:
1131 827 1167 885 s.,
1189 816 1219 869 in
1235 820 1254 869 t.
1269 832 1298 888 q.
1315 830 1351 885 c.,

187 898 232 965 d.;
254 896 288 952 cl.
311 896 330 954 3
353 897 371 967 3
395 894 413 952 2
436 901 484 969 sit,
506 899 561 954 lma
583 900 695 972 quidem
717 905 861 971 tempore,
883 905 1010 954 sexcenta
1025 898 1084 953 alia.
1120 895 1194 972 Ego:
1217 914 1240 955 s.
1263 901 1293 954 in
1316 914 1352 970 1.,

189 988 207 1036 1.
230 999 269 1055 p,
291 983 317 1037 d.

268 1084 330 1151 Ep.
353 1085 382 1140 2.
403 1098 434 1141 a.
457 1086 485 1139 2.
524 1082 627 1158 Vulgo:
651 1087 868 1154 temperantius.
901 1082 974 1158 ligo:
998 1087 1201 1156 temperalium
1223 1081 1259 1139 ci.
1275 1083 1306 1154 9,
1322 1083 1352 1156 9,

188 1164 232 1221 ubi
253 1168 286 1238 pin
313 1168 378 1241 ipsis
403 1168 482 1224 Attici
505 1169 635 1245 epistolae
658 1166 746 1223 verbis
769 1177 811 1224 est
838 1176 1014 1240 temperate,
1041 1168 1102 1238 llll,
1130 1167 1188 1237 32,
1212 1167 1248 1239 1,
1271 1176 1353 1242 atque

189 1252 295 1306 omnino
319 1252 352 1307 de
374 1253 491 1325 politica,
516 1269 594 1325 quam
617 1252 742 1323 dicimus,
765 1253 951 1308 moderatione
973 1269 1090 1326 semper,
1112 1269 1126 1306 a
1150 1251 1278 1308 Cicerone
1294 1254 1353 1326 qui·

188 1333 258 1407 dem,
282 1343 458 1408 temperatus
480 1336 588 1406 dicitur,
612 1354 666 1391 nou
689 1345 873 1409 temperans,
896 1336 972 1410 quod
992 1339 1043 1392 nisi
1065 1337 1099 1392 de
1121 1337 1299 1409 cupiditatum
1321 1337 1353 1394 li·

188 1419 360 1494 hidiuumque
389 1420 574 1477 moderatione
603 1437 658 1476 non
687 1422 801 1490 dicitur;
830 1421 882 1476 vid.
906 1422 974 1477 leax.
1021 1421 1140 1487 Accedit,
1164 1420 1236 1495 quod
1259 1421 1354 1477 adver·

188 1502 259 1559 bium
282 1513 480 1575 temperanter
507 1522 539 1561 ex
562 1506 654 1562 Tacito
683 1505 743 1561 solo
772 1508 880 1561 citatur.
925 1505 979 1562 Nea
1005 1507 1118 1575 mirum,
1147 1506 1170 1560 si
1198 1504 1298 1561 librarii
1325 1506 1352 1560 in

188 1594 383 1661 temperatior,
407 1587 662 1662 temperatissimus
684 1589 754 1645 haud
777 1606 838 1645 raro
855 1590 1015 1646 addiderunt
1037 1608 1067 1660 n,
1091 1598 1121 1645 ut
1143 1589 1239 1663 quibus
1261 1591 1353 1645 notius

188 1679 352 1745 temperans
374 1682 447 1730 esset
469 1690 548 1747 quam
572 1678 767 1746 temperatum
790 1674 825 1730 ol.
851 1675 881 1747 7,
903 1674 933 1750 u,
957 1674 992 1751 2,
1016 1674 1062 1731 ubi
1085 1674 1110 1729 ll
1132 1677 1353 1747 desperantissi·

188 1775 274 1829 mam,
297 1759 332 1815 al.

269 1861 330 1929 lilp.
352 1863 382 1915 5.
406 1864 435 1916 3.
480 1859 569 1935 Vulgo
591 1878 624 1916 ex
647 1859 702 1916 acl:
725 1862 796 1916 nitet
818 1862 899 1917 aliud
920 1864 976 1934 opi,
999 1862 1070 1917 aiiii
1093 1867 1188 1917 actum
1210 1862 1247 1916 ab
1261 1864 1353 1931 initio,

188 1961 271 2015 quam
294 1953 325 2001 ut
346 1946 374 2001 lt.
398 1947 551 2002 occideret.
595 1944 674 2013 Mitt,
701 1960 730 2001 o:
755 1946 813 2000 siae
836 1944 917 2000 dubio
941 1946 1031 2015 arch.,
1059 1961 1114 2000 aon
1138 1943 1236 2000 hahent
1257 1963 1353 2018 qaam.

188 2027 244 2103 Ego
267 2046 299 2084 ex
322 2046 380 2087 mea
402 2028 549 2103 eademque
578 2027 677 2085 lllotzii
705 2028 775 2100 conj.
803 2038 866 2103 post
893 2029 1007 2087 iNlTIo
1034 2028 1123 2084 addidi
1151 2029 1251 2100 NISI,
1279 2029 1353 2102 quod

188 2116 266 2169 etiam
282 2129 375 2186 perse
397 2114 486 2185 ipsum
508 2116 609 2170 rectius
626 2121 678 2184 est,
695 2114 821 2188 quonism
838 2113 946 2187 quidem
970 2123 1022 2185 „ut
1040 2115 1065 2169 h.
1082 2111 1267 2182 occiduunt&
1289 2129 1353 2187 pro·

187 2200 246 2275 pius
268 2215 281 2253 a
304 2198 375 2254 nilrii
397 2206 509 2270 actum,
533 2216 612 2272 quam
636 2215 650 2253 a
673 2198 766 2270 „nihil
789 2197 963 2273 1111111191ιι
985 2198 1101 2274 pendet,
1129 2205 1192 2271 post
1214 2198 1285 2254 ninii
1307 2213 1354 2253 au-

189 2291 241 2356 tent
263 2282 403 2339 saleccum
426 2291 468 2338 est
494 2300 590 2355 quam.

270 2386 331 2453 Ep.
354 2388 386 2441 θ.
411 2387 437 2441 1.
482 2383 569 2458 Vulgo
593 2401 626 2439 ex
648 2382 710 2456 112,
733 2381 827 2439 Rlacl:
852 2387 960 2456 potius.
989 2385 1049 2441 Sed
1074 2391 1179 2440 temen.
1224 2382 1297 2458 ligo:
1321 2402 1352 2458 p.

187 2469 224 2525 Et
243 2476 339 2525 tamen
355 2465 394 2543 (oz
409 2467 442 2523 Et
456 2477 607 2542 praetcrea,
623 2468 658 2527 ci.
674 2485 735 2524 ann.
752 2467 784 2523 ad
800 2468 828 2523 ll.
845 2468 877 2541 X,
895 2469 923 2539 1,
940 2465 984 2545 3):
1008 2468 1081 2525 addit
1095 2468 1188 2525 cicero
1203 2468 1270 2523 duas
1291 2487 1354 2526 cau·

187 2570 247 2626 sas,
269 2570 319 2609 cur
344 2570 395 2625 „se
425 2555 517 2627 Arpini
548 2553 648 2610 obdere
676 2551 782 2623 nolit“,
822 2551 849 2624 1)
872 2552 946 2627 quod
970 2551 1139 2627 „lortassc“
1163 2554 1285 2610 laturum
1307 2557 1353 2627 sit,

187 2647 218 2693 nt
244 2637 341 2694 Caesar
370 2640 425 2709 „in
455 2654 487 2693 eo
516 2639 533 2693 1.
562 2637 731 2710 offendatur,
761 2654 810 2694 our
838 2655 894 2694 non
923 2637 954 2694 R.
984 2636 1103 2712 potius⁴‘
1132 2637 1187 2694 lilio
1211 2646 1303 2713 togam
1326 2658 1353 2713 p.

187 2723 250 2778 dare
279 2723 357 2792 velit,
393 2717 428 2795 2)
458 2721 548 2796 quod,
576 2725 599 2777 si
627 2721 657 2778 G.
687 2722 888 2778 conveniendus
918 2725 968 2793 sit,
997 2721 1059 2795 „ihi
1086 2717 1219 2796 (Formiis)
1243 2726 1352 2796 potissi·

186 2808 285 2862 mum“
313 2823 375 2863 eum
404 2809 548 2862 convenire
571 2806 647 2877 uelit,
670 2806 743 2880 quod
772 2815 850 2878 „tum
881 2806 984 2881 reliqua
1006 2809 1112 2862 risurus
1137 2805 1209 2877 sit“,
1235 2807 1285 2864 hae
1308 2825 1354 2864 au-

187 2900 241 2947 tem
268 2908 364 2948 causae
391 2890 556 2966 copulandae
584 2899 676 2961 eraut,
704 2908 758 2947 non
792 2893 931 2963 posterior
957 2892 1043 2966 priori
1071 2889 1261 2965 opponendus.
1305 2891 1353 2948 (lc-

189 2986 275 3032 terum
304 2983 368 3049 post
390 2975 408 3031 S
431 2993 463 3031 ex
485 2992 535 3046 eo,
564 2974 637 3050 quod
659 2983 702 3030 est
724 2977 751 3031 in
773 2974 836 3047 lll,
859 2993 893 3047 p.
919 2976 974 3033 Sec
996 2984 1091 3032 tamen
1113 2977 1190 3048 potui
1214 2979 1294 3032 etiam
1315 2976 1354 3032 ia·

187 3077 247 3117 cere
269 3061 313 3116 Ac
335 3067 439 3117 tamen.
468 3090 509 3100 -
538 3064 569 3118 8.
599 3059 686 3134 Vulgo
709 3062 840 3134 pessime:
864 3061 1018 3133 Pompeius
1039 3079 1075 3117 m.
1100 3063 1217 3117 transiit
1239 3079 1304 3120 cum
1326 3080 1352 3120 o.

186 3146 330 3216 militibus,
353 3162 425 3219 quos
446 3162 470 3201 s.
493 3146 602 3202 habuit.
632 3144 689 3200 Hic
718 3161 857 3201 numerus
878 3153 921 3202 est
943 3148 970 3202 1.
994 3148 1074 3202 milia
1097 3148 1214 3219 inpium
1237 3155 1265 3204 et
1286 3163 1354 3204 con-

187 3232 267 3287 sules
287 3237 315 3285 et
336 3232 392 3287 duo
415 3237 451 3286 tr.
469 3232 512 3301 pl.
530 3237 557 3286 et
573 3235 741 3300 senatores,
764 3249 791 3304 q.
813 3230 839 3302 f.
863 3248 927 3288 cum
951 3248 994 3304 ea,
1017 3250 1041 3288 a.
1066 3247 1130 3286 cum
1152 3248 1180 3286 u.
1204 3235 1231 3286 et
1244 3231 1353 3289 liberis.

187 3313 255 3383 uum
278 3315 398 3388 apertius
420 3331 499 3389 quam
521 3316 559 3371 sic
581 3313 804 3389 distinguendum
820 3330 895 3371 esse:
917 3317 1072 3373 111111-
1094 3315 1144 3371 ln‘c
1167 3308 1204 3388 io:
1227 3314 1354 3392 militum,

189 3417 215 3473 q.
238 3416 261 3454 s.
286 3393 331 3474 h.)
356 3442 362 3454 .
389 3442 395 3454 .
420 3407 457 3456 tr.
480 3429 538 3472 -,
565 3406 592 3455 et
615 3415 711 3471 cons,
740 3407 770 3454 ut
793 3402 942 3472 consules,
970 3407 1007 3458 tr.
1026 3402 1087 3472 pt,
1115 3406 1267 3456 senatores
1293 3416 1354 3456 cum

186 3482 314 3557 Pompeio
338 3500 373 3538 m.
396 3485 526 3540 transisse
548 3482 687 3556 dicantur,
710 3500 766 3540 non
788 3485 816 3539 in
838 3488 999 3556 .,militnm,
1021 3500 1047 3557 q.
1071 3501 1093 3539 s.
1117 3481 1168 3538 h.“
1191 3498 1304 3540 numero
1326 3492 1355 3541 et

186 3569 237 3642 ipsi
256 3567 358 3624 luisse?
382 3599 419 3608 -
443 3573 477 3625 4.
500 3567 528 3624 Β.
547 3585 578 3624 en
594 3567 663 3626 Man.
678 3567 767 3639 conj.:
789 3569 923 3641 Pompeio
938 3571 1141 3643 qualicumque
1156 3570 1276 3626 corintio
1292 3586 1353 3626 uso.

188 3651 307 3728 Mfflsstla
330 3666 360 3706 o:
383 3654 466 3723 arola,
489 3669 569 3724 usus,
593 3652 663 3709 unde
687 3656 746 3708 Asc.
762 3662 790 3710 et
805 3652 874 3709 Crat.
891 3654 959 3710 male
981 3654 1105 3710 iecerunt
1127 3667 1217 3710 usum.
1261 3651 1357 3734 Cicero

187 3736 305 3812 quidem,
327 3745 434 3793 utnon
456 3736 544 3793 solum
567 3754 741 3813 quacunque
764 3730 906 3810 ratione,¹
921 3739 968 3794 sed
997 3737 1079 3794 etiam
1101 3753 1303 3812 quameunque
1324 3742 1354 3796 in

184 3829 300 3896 partem
324 3817 388 3896 (111.
413 3822 455 3896 lli,
479 3819 540 3896 21),
564 3838 746 3896 quacumque
768 3826 803 3880 de
825 3839 859 3881 re
881 3822 914 3878 ad
937 3822 967 3891 Q.
991 3821 1039 3894 F.,
1062 3839 1235 3898 quocunqne
1255 3827 1285 3881 in
1306 3839 1353 3899 pe·

187 3923 258 3964 nere
281 3902 324 3979 (de
347 3905 443 3979 Orat),
465 3906 514 3962 alia
537 3906 676 3964 indefinite
698 3909 735 3962 ita
755 3908 832 3976 dixit,
856 3918 886 3964 ut
907 3913 1071 3981 quicunque
1094 3915 1168 3964 esset
1188 3932 1230 3954 =
1252 3909 1354 3985 quiuis,

187 3994 313 4066 quilibet,
336 3992 375 4047 sic
391 3993 470 4048 etiam
487 3995 696 4065 qualiscunque
718 4009 768 4065 pro
792 3994 955 4066 qualisiibet
976 3994 1070 4069 posuit
1092 3989 1176 4065 (lam.
1194 3992 1238 4065 lV,
1260 3991 1291 4064 8,
1307 3991 1353 4066 2);

186 4077 221 4134 ol.
245 4078 302 4133 Au.
327 4075 384 4145 Xll,
408 4075 464 4147 23,
488 4074 522 4146 3,
551 4078 603 4133 sed
628 4079 835 4150 quantiquanti
861 4080 932 4134 bene
961 4081 1064 4137 emitur
1093 4075 1291 4152 (1113111111,
1314 4096 1353 4149 q,

187 4163 213 4218 b.
236 4156 291 4234 e),
313 4160 348 4216 al.
394 4159 447 4216 Sed
475 4160 599 4217 librarius
627 4177 707 4217 acmo
735 4169 799 4234 post
827 4163 956 4221 consilio
983 4181 1016 4220 er
1045 4161 1102 4220 usO
1124 4162 1234 4218 lecisset
1256 4177 1291 4217 us
1300 4160 1353 4218 VS.

186 4245 278 4302 Lami).
302 4246 330 4300 in
352 4261 438 4319 marg.
462 4243 544 4302 1184
567 4245 677 4318 scripsit
699 4262 770 4303 usus
792 4249 844 4304 sit:
868 4264 921 4323 ego
945 4265 1016 4307 usus
1039 4254 1082 4306 cst
1104 4240 1219 4320 (usust),
1243 4245 1355 4310 coniun-

186 4332 248 4387 ctivi
270 4330 341 4385 enim
363 4333 433 4385 ratio
455 4328 529 4385 nulla
551 4338 602 4386 est.

270 4413 333 4483 ΕΡ.
355 4416 385 4472 ’1.
407 4417 446 4471 Α.
471 4418 499 4471 1.
543 4414 584 4486 B,
606 4417 653 4489 qui
676 4431 709 4470 ex
725 4416 857 4474 Tuastalli
873 4426 900 4474 et
914 4418 1010 4477 Kochil
1031 4415 1111 4492 (adde
1125 4408 1257 4490 Madvigii)
1281 4413 1355 4487 conj.

1118 4526 1155 4581 8*
