3262 5106
458 357 647 422 Epistolurum
667 356 702 408 ed
719 357 851 411 Atticum.
886 357 970 406 Liber
987 356 1048 412 VII.
1275 354 1336 418 109
1413 417 1416 423 ¹

170 514 239 587 uude
255 515 283 571 B.
300 531 333 570 ex
348 513 393 570 Or.
410 513 482 586 coni.
498 531 592 588 parurn
610 522 684 570 recte
699 513 764 568 lecit
778 511 826 568 sed
843 515 1016 582 exclamavi,
1032 511 1119 569 Xlotz.
1135 515 1190 569 scd
1203 514 1337 570 adamavi

170 599 268 658 collato
284 598 448 655 alienissimo
464 599 535 672 loco,
556 598 637 655 Corn.
653 598 718 673 Nep.
735 598 812 654 Bion.
830 597 862 671 2,
884 596 927 653 ubi
949 600 1094 655 adamavit
1113 597 1272 670 simpliciter
1293 605 1336 653 est

171 684 362 740 Germanorum
378 682 557 762 liebgetnottn.

650 865 761 939 Liber
786 863 864 938 VH.

252 1024 316 1094 Ep.
337 1027 369 1079 2.
389 1026 420 1085 3.
464 1020 565 1096 Vulgo:
590 1022 722 1078 Tironem
738 1022 772 1077 P.
790 1036 907 1095 aeprum
923 1024 1042 1094 reliqui,
1063 1023 1282 1089 adolescentem,
1304 1029 1335 1079 ut

170 1113 257 1180 nosti,
279 1116 307 1165 et
330 1110 417 1177 adde,
442 1108 556 1181 siquid
579 1110 636 1178 uis,
659 1107 797 1178 probum:
820 1124 849 1161 a.
874 1124 897 1162 u.
919 1126 973 1170 m.,·
997 1110 1095 1179 itaque
1121 1122 1209 1163 carco
1234 1102 1333 1181 depre.

170 1193 240 1267 Ergo
256 1192 351 1249 Cicero
367 1193 467 1249 'Virone
482 1209 585 1266 „aegre
600 1189 740 1261 carchae,
756 1189 829 1263 quod
845 1199 918 1246 esset
934 1190 963 1268 1)
979 1190 1149 1263 adolescens,
1172 1187 1201 1265 2)
1217 1191 1333 1265 probus!

170 1277 249 1350 Nam,
278 1277 351 1351 quod
373 1277 418 1333 Or.
440 1279 467 1333 in
488 1278 564 1334 adol.
587 1276 621 1332 de
645 1292 695 1331 suo
722 1274 797 1331 audit
820 1276 976 1347 pulchrum
996 1277 1119 1350 miliique
1145 1280 1335 1347 carissimum,

171 1362 259 1418 ridere
281 1362 353 1418 licet.
399 1360 467 1430 Quid
489 1363 618 1435 apertius,
642 1376 721 1433 quam
742 1367 806 1433 post
827 1361 1055 1416 adolescenTeM
1075 1360 1205 1417 excidisse
1226 1360 1335 1418 adiecti-

171 1463 231 1502 ruini
254 1447 381 1520 aliquod,
401 1446 433 1501 ad
455 1446 527 1520 quod
544 1445 652 1501 additur
664 1446 808 1517 probum?
852 1444 934 1517 Vidit,
955 1452 985 1500 ut
1005 1445 1098 1516 multa,
1120 1447 1157 1501 ita
1173 1445 1224 1502 hoc
1239 1445 1336 1502 Schiit·

172 1533 238 1601 zius,
258 1533 306 1604 qui
325 1533 477 1588 annotavit:
499 1528 678 1605 „Legeudunr
701 1529 820 1585 videtur:
842 1531 888 1586 aci.
912 1529 1084 1600 erudiTuM,
1106 1538 1142 1587 et.
1187 1528 1269 1587 Recte
1291 1529 1336 1586 ille

171 1615 289 1690 quidem,
312 1616 385 1689 quod
407 1615 438 1671 ad
461 1616 621 1671 sententium
642 1615 752 1685 attinet,
774 1613 810 1669 ci.
827 1612 967 1671 decadem
984 1631 1013 1670 re
1029 1616 1058 1687 5,
1075 1613 1093 1670 2
1110 1614 1282 1688 „ue'tirone
1302 1656 1309 1671 .
1327 1657 1334 1672 .

172 1703 311 1757 utilitates
331 1700 395 1756 nrihi
416 1700 527 1773 praebet
542 1742 548 1754 .
566 1742 572 1753 .
594 1701 751 1755 studiosum
772 1698 809 1770 (οε
830 1699 894 1754 mini
909 1707 952 1755 est
967 1716 981 1753 a
997 1699 1094 1755 studiis
1110 1708 1137 1755 et
1153 1699 1185 1754 ab
1200 1699 1335 1775 epistolis)

173 1827 180 1840 .
202 1827 209 1841 .
231 1794 344 1859 propter
363 1786 569 1842 humanitatem
591 1792 619 1838 et
639 1781 865 1854 modestiamdo:
887 1781 1059 1859 probitatem)
1082 1828 1089 1842 .
1113 1829 1120 1842 .
1142 1784 1269 1854 meum“‚
1293 1785 1335 1858 Vl,

173 1870 200 1940 7,
217 1869 235 1925 2
260 1870 388 1940 „nihile
404 1868 451 1924 illo
468 1870 649 1925 adolescente
665 1871 775 1924 castius
799 1864 837 1941 (oz
858 1865 999 1944 pronius),
1020 1867 1088 1924 nihil
1106 1869 1269 1941 diligentius
1285 1866 1334 1944 (sc.

171 1956 197 2010 in
217 1954 313 2010 studiis
335 1959 400 2009 meis
421 1953 542 2009 doctrina
565 1969 613 2008 sua
633 1947 840 2026 adiuvandis)“;
868 1953 915 2007 sed
942 1969 993 2026 ego
1014 1952 1102 2008 addidi
1123 1954 1271 2024 docTuM,
1300 1954 1334 2009 ci.

172 2041 240 2095 enim
254 2039 287 2094 de
304 2038 430 2112 Dionysio
451 2037 533 2104 4,1.·
552 2053 655 2114 „quem
676 2055 703 2111 q.
719 2038 835 2110 cognovi
851 2053 934 2110 quum
954 2038 1078 2109 doctum,
1100 2037 1177 2111 quod
1196 2038 1265 2094 milei
1284 2039 1335 2093 iam

101 2130 105 2134 '
172 2132 231 2179 aute
251 2131 347 2180 notum
369 2131 444 2194 erat,
467 2130 522 2178 turn
545 2140 566 2177 s.
587 2125 705 2192 plenum
725 2122 842 2195 officii.
860 2163 884 2194 .,
907 2121 979 2196 irugi
1000 2123 1136 2179 hominem
1157 2138 1205 2193 ac,
1226 2138 1260 2177 ne
1281 2121 1334 2177 1.1.

170 2207 269 2277 videar,
290 2226 317 2281 p.
338 2209 425 2263 virum
447 2209 565 2279 bonum,
588 2205 617 2278 7,
642 2207 657 2261 1
684 2206 869 2279 „Diouysius,
892 2208 931 2261 vir
953 2211 1086 2278 optimae,
1108 2214 1139 2262 ut
1160 2208 1229 2263 midi
1242 2224 1269 2280 q.
1289 2214 1332 2264 est

168 2300 366 2364 perspectum,
383 2302 410 2348 et
425 2290 637 2362 doctissimus“,
658 2299 686 2346 et
701 2290 734 2346 de
750 2290 898 2365 Serapione
912 2290 944 2361 X,
963 2291 1012 2363 17,
1030 2292 1045 2346 1
1063 2291 1222 2362 „homiuem
1236 2290 1334 2366 probo,

172 2393 232 2432 nam
248 2383 276 2433 el
291 2379 405 2434 doctum
420 2386 447 2431 et
459 2378 582 2449 probum
598 2374 754 2431 existimo“.
777 2406 818 2414 —-
839 2374 908 2431 inira
924 2374 958 2444 B,
974 2379 1021 2450 qui
1036 2391 1140 2432 mecum
1158 2371 1222 2451 (Em.
1239 2393 1265 2448 p.
1283 2375 1333 2452 40)

172 2459 292 2536 Lambini
306 2463 466 2535 scripturam
488 2459 542 2533 „Et
557 2477 591 2516 m.
608 2467 660 2532 est,
675 2478 761 2533 quam
777 2459 796 2516 i.
812 2460 851 2531 d,
871 2451 938 2518 adr.
953 2461 981 2516 in
996 2462 1024 2517 h.
1040 2459 1176 2517 urbanitas
1192 2459 1244 2532 (cd.
1261 2462 1334 2518 arch.

172 2545 272 2602 addidit
294 2543 356 2620 est).
378 2545 471 2603 Eius“
492 2547 623 2619 restituit,
644 2562 676 2600 ex
692 2545 809 2600 violenta
824 2544 887 2624 Era.
904 2561 975 2602 corr.
992 2546 1114 2619 scripsit:
1136 2551 1335 2603 testamentum

171 2632 290 2703 deporto
308 2630 477 2688 Ciceronum
496 2633 585 2704 signis
606 2631 793 2704 olisiponiam,
815 2646 898 2703 quum
918 2645 971 2703 ego
987 2630 1055 2685 Man.
1072 2629 1252 2686 coniecturam
1268 2648 1334 2704 pro-

171 2713 276 2771 bassem
295 2717 324 2772 cl.
346 2716 465 2773 Romam
488 2715 560 2772 Cic:
581 2731 653 2771 nuuc
673 2730 726 2788 ego
747 2731 779 2769 ex
794 2712 880 2770 Madv.
895 2714 979 2785 conj,
1001 2731 1070 2788 quae
1090 2713 1182 2770 eadem
1201 2716 1252 2770 iam
1268 2716 1336 2773 lunii

172 2799 258 2856 iuerat
277 2800 306 2857 et'
325 2808 419 2874 postea
442 2799 533 2860 Orellii
556 2796 614 2874 (ed.
636 2798 671 2872 li)
693 2800 759 2853 init:
781 2806 800 2854 t.
821 2802 848 2855 d.
869 2800 954 2855 trium
977 2799 1006 2856 C.
1028 2813 1057 2853 s.
1073 2816 1117 2867 o.,
1147 2798 1220 2871 quod
1250 2816 1335 2872 quum

171 2885 256 2941 multo
269 2887 382 2958 propius
392 2884 468 2940 abest
482 2901 496 2939 a
511 2880 717 2940 detortoRIVM
733 2880 782 2958 (sic
795 2882 824 2954 C,
840 2882 869 2955 Z,
886 2900 926 2953 vc,
939 2883 1009 2939 uude
1025 2881 1115 2951 ldeh,
1130 2881 1335 2940 uxetecernnt

171 2971 204 3025 dc
231 2966 372 3043 tortorio),
401 2978 456 3024 tum
484 2969 651 3041 aptissimum
679 2976 734 3022 est:
767 2974 842 3025 erant
875 2976 932 3022 tum
958 2984 1019 3023 curn
1047 2966 1176 3024 Cicerone
1202 2976 1262 3024 tres
1287 2978 1335 3025 aut
1478 2990 1481 2997 ⁴

170 3062 243 3110 certe
256 3054 311 3110 rino
323 3052 477 3123 Cicerones,
491 3052 524 3107 11.
542 3051 622 3122 filius,
635 3045 681 3126 [Q.
694 3047 794 3128 pater],
809 3051 841 3119 Ο.
855 3050 936 3122 filius,
954 3053 989 3109 ci.
1003 3052 1045 3124 Vl,
1058 3052 1087 3124 7,
1100 3051 1130 3124 2,
1144 3052 1173 3122 V,
1190 3051 1239 3124 18,
1253 3052 1284 3125 4,
1300 3053 1334 3109 al.
1440 3118 1442 3121 ¹

170 3139 290 3196 Romam
306 3155 370 3194 vero
386 3137 483 3193 addere
498 3137 563 3192 nihil
581 3153 649 3213 opus
665 3136 731 3209 fuit,
753 3137 786 3192 cl.
809 3136 842 3191 de
863 3135 954 3193 eadem
970 3155 999 3194 re
1016 3136 1045 3209 3,
1062 3136 1080 3193 9
1102 3154 1140 3210 „a
1154 3136 1234 3193 Curio
1259 3136 1335 3194 tabu·
1498 3156 1504 3167 ⁸

169 3223 208 3279 las
228 3225 335 3296 accepi,
359 3239 425 3296 quas
441 3238 550 3278 mecum
563 3220 681 3293 porlo“.

252 3327 314 3394 Ep.
335 3329 367 3381 3.
389 3329 416 3380 1.
460 3324 561 3398 Vulgo:
590 3340 690 3397 nepas,
713 3329 774 3391 elsi,
798 3324 874 3397 quasi
894 3329 1018 3396 primum
1038 3325 1111 3380 illud
1129 3322 1278 3380 subiectum
1298 3325 1335 3381 sit

170 3427 211 3485 sq.
232 3409 307 3465 verbi
325 3409 492 3481 perfectum
513 3417 564 3465 est.
601 3408 673 3482 Ego:
695 3427 740 3464 n..·
762 3414 802 3477 e.;
824 3408 933 3464 auditur
955 3411 1004 3467 tibi
1025 3410 1065 3464 ad
1078 3415 1145 3464 luas
1158 3411 1274 3464 litteras
1289 3424 1334 3465 re·
1441 3408 1446 3413 ’

170 3496 305 3568 spondeo.
335 3524 377 3534 —
406 3498 438 3550 8.
461 3493 562 3567 Vulgo:
585 3498 635 3566 eis,
657 3491 1095 3566 quaecumconperta,
1117 3494 1200 3549 ualde
1216 3509 1334 3550 cousen-

170 3583 257 3636 tiunt:
277 3595 353 3652 quae
376 3576 426 3649 (vel
442 3596 468 3634 c.
485 3575 576 3655 Quae)
598 3580 624 3633 si
643 3594 729 3635 secus
750 3585 845 3634 essent
866 3620 873 3633 .
892 3619 918 3649 .,
940 3587 1035 3635 tamen
1051 3619 1058 3633 .
1077 3619 1083 3630 .
1101 3586 1225 3651 caperet.
1270 3578 1335 3636 Mire

170 3680 249 3719 uerno
264 3665 292 3718 in
308 3680 340 3718 eo
357 3664 453 3734 haesit,
474 3662 547 3737 quod
568 3663 645 3718 deest
659 3663 810 3720 subiectum
826 3661 900 3719 verbi
915 3667 1104 3721 consentiunt.
1148 3660 1220 3736 Ego:
1242 3681 1266 3719 c.
1285 3662 1332 3739 (sc.

170 3744 227 3823 ea),
249 3764 340 3821 puae;
362 3747 397 3804 ci.
416 3747 487 3803 ram.
503 3747 562 3819 Xil,
580 3747 636 3818 12,
653 3748 690 3819 2,
712 3747 757 3804 ubi
772 3764 825 3821 ego
841 3748 905 3803 olim
921 3758 949 3805 et
964 3765 1037 3803 nuuc
1052 3747 1096 3802 u:
1118 3748 1204 3821 eripui
1221 3749 1268 3822 (sc.
1287 3767 1335 3809 eos

170 3829 331 3906 exercitus),
354 3850 426 3905 qnos
446 3831 554 3906 (vulgo:
576 3849 617 3897 e.,·
638 3831 676 3906 p.)
698 3837 724 3888 si
743 3842 913 3904 occupasset
933 3837 979 3903 Ι),
1001 3851 1058 3889 non
1075 3874 1083 3887 .
1099 3876 1106 3889 .
1124 3836 1333 3907 confirmasset,

136 3950 139 3957 .
170 3916 212 3990 Vl,
229 3918 258 3994 6,
275 3916 294 3973 5
317 3933 374 3988 „ea
390 3934 433 3972 me
448 3918 564 3972 suasisse
580 3916 621 3988 Ρ.,
643 3918 744 3991 quibus
761 3921 786 3973 si
801 3917 846 3978 ille
860 3925 1020 3990 paruisset,
1036 3927 1108 3974 essct
1125 3961 1130 3973 .
1148 3960 1155 3973 .
1171 3920 1333 3993 princeps“,

170 4000 246 4058 Catil.
262 4001 297 4071 11,
315 4001 371 4071 19,
386 4000 454 4056 Phil.
471 4001 503 4072 ll,
522 4001 571 4072 17,
593 4000 650 4057 Liv.
667 4001 749 4074 XXX,
766 4000 824 4073 30,
842 4001 859 4059 9
883 4002 925 4078 (de
947 4020 1001 4079 quo
1024 4004 1085 4059 loco
1102 4005 1136 4059 ci.
1152 4019 1224 4058 meas
1241 4002 1335 4061 Cureu-

170 4085 339 4142 datiuucnlas
354 4077 380 4159 p'.
398 4084 465 4159 89),
487 4084 537 4155 al.,
560 4084 643 4142 Madv.
659 4086 677 4158 3
694 4085 765 4142 445.
812 4087 849 4143 Cf.
866 4090 946 4147 ctiam
962 4106 1023 4144 anu.
1040 4087 1072 4142 ad
1088 4087 1159 4143 Fam.
1175 4087 1245 4159 11111,
1263 4087 1298 4159 7,
1315 4089 1333 4145 5

170 4172 222 4243 „iel
235 4172 300 4226 mihi
315 4169 373 4245 dee,
389 4171 530 4244 panderit
545 4170 594 4225 ht}
638 4170 691 4227 Sed
708 4179 794 4226 taurea
810 4171 956 4232 videndum
971 4182 1027 4245 est,
1049 4189 1084 4227 ne
1098 4181 1160 4229 ante
1174 4188 1250 4245 puae
1265 4176 1335 4229 exci-

171 4255 242 4311 derit
257 4254 368 4327 aliquid,
386 4265 415 4310 ut
431 4270 506 4326 quae
521 4255 615 4313 deme
631 4265 699 4312 acta
716 4262 790 4311 sunl.
817 4287 860 4296 -
885 4264 918 4316 4.
942 4259 1043 4332 Vulgo:
1060 4260 1178 4314 consule
1192 4263 1246 4314 isto
1260 4262 1333 4330 ipso.

169 4338 241 4413 Ego:
264 4356 289 4396 c.
306 4342 355 4396 illo
370 4343 404 4408 i.;
424 4341 548 4414 sequitur
569 4342 639 4395 euim
661 4340 693 4397 de
716 4338 811 4396 eodem
832 4341 944 4401 Caesare
962 4347 1007 4401 illi
1025 4350 1052 4398 et
1069 4346 1119 4400 ille
1140 4350 1167 4396 et
1187 4342 1205 4413 S
1222 4343 1240 4399 5
1256 4345 1335 4399 illinc

170 4434 198 4483 et
217 4423 355 4505 praecedit
373 4426 455 4485 illum
475 4432 502 4481 et
522 4426 586 4502 ille3
610 4426 645 4482 ci.
669 4426 700 4499 6,
722 4424 740 4481 2
763 4429 820 4499 illi,
842 4428 877 4502 5,
900 4431 918 4489 5
940 4432 998 4503 illi,
1020 4428 1050 4502 9,
1072 4427 1090 4483 2
1113 4433 1141 4483 el
1156 4426 1175 4486 3
1191 4436 1219 4484 et
1233 4426 1264 4504 4,
1285 4427 1335 4493 alia
